2934 4725
1169 277 1179 316 Ι

324 436 459 520 acra
484 428 1035 566 socrnttrtsmttacr.
1092 433 1178 538 ης,

235 625 428 716 „nerium
454 617 730 705 Tennemannius‚
755 620 829 703 alii,
863 620 1020 693 inrebus
1044 643 1078 694 et
1096 624 1167 718 piae

239 773 265 812 ‚‚
292 728 364 794 citis
409 725 636 816 sophistarum
677 718 878 811 explicandis
928 724 1061 812 egregie
1104 722 1183 810 sint,

239 845 270 909 „³
291 820 432 908 versati,
476 823 582 891 omnis
618 835 724 889 tamen
761 817 816 887 hic
850 816 946 887 locus
974 820 1089 889 veteris
1116 819 1169 888 bid

242 966 268 1006 „
292 919 407 989 storiae
441 921 581 988 tenebris
603 914 781 986 obvolutus
817 934 887 998 est,
921 937 1006 1008 quae
1034 914 1167 1009 dispelli

200 1101 201 1104 Ἴ
243 1065 267 1105 ,‚
293 1037 359 1089 non
394 1032 571 1109 poterunt,
611 1017 798 1107 priusquam
834 1017 1014 1083 accuratius
1048 1029 1168 1083 eorum

242 1163 268 1201 ‚‚
293 1128 442 1205 tempora
468 1109 699 1184 definiantur?
739 1111 861 1199 (tdeen
888 1132 950 1183 etc.
976 1110 1078 1183 Tom.
1102 1110 1170 1184 ΙΙΙ.Δ

241 1233 275 1305 p.
303 1234 385 1304 439.
409 1211 501 1300 not.)
526 1211 572 1281 Et
590 1210 641 1280 his
668 1211 801 1300 quidem
831 1210 972 1294 tenebris
998 1211 1171 1294 dimovew

244 1313 318 1391 dis,
370 1331 429 1378 tros
473 1305 505 1377 in
550 1309 716 1396 superiore
760 1308 979 1395 disputatione
1029 1328 1167 1397 operam
1210 1313 1216 1320 '

244 1407 419 1489 dedimus,
465 1425 505 1476 ac
536 1403 593 1475 nili
628 1419 670 1474 ex
711 1401 776 1474 illis
808 1407 1019 1475 meridianam
1055 1406 1168 1475 luc‘em

242 1506 536 1596 (repromittimus,
561 1502 725 1592 nobisque
751 1501 825 1592 ipsrs
851 1504 959 1571 omnia
993 1506 1053 1573 fint
1083 1503 1185 1572 diu·

243 1606 316 1686 eido
344 1624 378 1671 et
406 1601 600 1694 perspicua,
640 1597 723 1667 illud
753 1618 859 1670 tamen
891 1597 1046 1668 affirmare
1080 1599 1182 1676 haud

245 1702 451 1780 dubitamus,
498 1699 593 1767 unica
627 1695 689 1765 hae
722 1694 769 1765 ab
793 1695 964 1765 Heerenio
996 1696 1171 1767 monstrata

251 1802 304 1868 via
329 1789 537 1867 infisrendum
569 1812 610 1863 ac
635 1792 908 1887 progrediendum
938 1794 1005 1864 esse
1013 1844 1026 1882 ,
1051 1795 1173 1886 liquis

243 1898 383 1991 propius
408 1894 448 1964 ad
473 1894 639 1967 veritatem
668 1890 843 1974 accedere,
884 1907 990 1983 neque
1027 1895 1169 1963 orunino

246 2012 457 2088 praepostere
475 1990 516 2059 de
541 1989 704 2079 Sophistis
719 1988 865 2079 judicare
891 1990 977 2063 velit.

295 2091 426 2160 Etenim
451 2107 564 2179 parunt
590 2086 704 2157 vidisse
739 2086 828 2175 ipsos
851 2091 1026 2159 veteresin
1047 2083 1175 2180 Sophi-

233 2187 363 2284 >starum
380 2189 506 2279 origine
524 2184 721 2277 indaganda,
743 2185 887 2253 ostendit
913 2185 1031 2256 hortun
1056 2187 1173 2257 multi·

184 2367 188 2375 .
244 2284 325 2380 plex
350 2285 392 2358 tle
420 2303 458 2354 ea
491 2283 720 2354 sententiarum
752 2278 936 2369 diverliras,
976 2307 1056 2380 quas
1090 2299 1173 2355 cum

251 2402 366 2456 omnes
393 2383 558 2453 recensere
594 2379 758 2450 inlinitum
791 2381 849 2464 iit,
882 2402 1024 2474 quatuor
1047 2385 1182 2476 praeci·
1268 2446 1270 2453 ,

246 2476 321 2575 puis
346 2476 480 2578 citandis
507 2476 744 2571 defungemur,
769 2482 896 2569 quippe
921 2481 962 2550 ad
989 2504 1070 2575 quas
1095 2503 1172 2554 cae⁴

247 2595 400 2669 terorum,
424 2596 560 2670 quoque
584 2575 756 2645 sententiae
781 2575 998 2669 aliquomodo
1023 2579 1093 2652 sunt
1120 2601 1176 2652 re-

242 2675 403 2771 ferendae.
429 2674 542 2766 ltaque
564 2675 707 2760 Seneca,
729 2672 796 2766 Ep.
825 2673 881 2749 88.
908 2672 977 2744 fuse
1004 2678 1173 2770 disputans

155 2854 157 2859 ,
247 2776 288 2845 de
314 2791 406 2843 recto
434 2772 704 2863 temporis‘usu,
747 2790 816 2842 non
849 2772 1022 2847 sufficiente
1063 2778 1185 2849 homi·r

248 2890 328 2943 num
354 2891 457 2941 aetate
482 2870 523 2939 ad
556 2871 666 2938 omnia
691 2870 939 2958 amplectenda}
974 2922 1001 2958 ‚,
1026 2874 1180 2964 philoiot

249 3017 279 3058 „
304 2966 419 3061 pbi‚'’
440 2969 567 3058 inquit,
592 3014 618 3049 ‚,
642 2981 799 3058 quantum
820 2967 940 3037 habent
959 2968 1148 3058 supervacui
1158 3014 1174 3053 ‚.

248 3060 281 3153 ,ζ
299 3086 463 3158 quantum.
482 3065 523 3135 ab
549 3063 605 3132 usu
636 3063 828 3134 recedentis.
880 3064 942 3154 lpfi
971 3084 1107 3160 quoque
1131 3068 1177 3141 ad

251 3213 275 3250 „
302 3163 493 3253 syllabarum
522 3160 745 3231 distinctiones
770 3182 804 3231 et
831 3164 1104 3256 conjunctionum
1131 3188 1170 3237 er
1222 3219 1225 3223 -

146 3277 148 3279 ’
249 3308 276 3350 ‚,
300 3258 576 3355 praepositionum
612 3260 842 3350 proprietates·
859 3262 1114 3349 descenderunt,
1138 3285 1173 3336 et

251 3361 445 3448 „invidere
469 3356 737 3438 Grammaticis,
788 3359 933 3428 invidere
976 3360 1179 3436 Geomenrs.

252 3504 278 3543 „
304 3453 474 3551 Quicquid
500 3458 535 3524 in
559 3454 692 3525 illorum
714 3453 836 3525 artibus
867 3460 1101 3545 superuacuum
1124 3484 1179 3531 ess

253 3552 370 3641 μοι,
395 3551 582 3621 transtulere
607 3554 640 3620 in
669 3550 779 3634 luamt
804 3553 852 3623 sre-
874 3552 1027 3625 effectum
1043 3578 1113 3641 est,
1138 3576 1188 3631 ut.

246 3647 490 3747 „diligentius
519 3648 617 3719 sciant
646 3646 739 3740 loqui
775 3672 888 3741 quam
906 3655 1027 3725 virere.
1087 3654 1178 3727 Audi

254 3794 280 3833 ,‚
304 3763 460 3836 quantum
488 3746 562 3815 mali
588 3741 684 3836 faciat
710 3749 808 3818 nimia
826 3749 1003 3833 subtilitas,
1028 3770 1177 3844 etquanr

253 3891 279 3930 ,‚
305 3842 419 3912 infesta
437 3846 560 3913 veritati
578 3844 625 3914 stt.
670 3840 864 3936 Protagoras
881 3850 947 3930 ait,
973 3849 1013 3917 de
1032 3854 1122 3921 omni
1142 3872 1181 3920 re

248 3984 280 4029 ‚5
303 3940 338 4010 in
358 3960 527 4033 utrumque
543 3940 841 4110 putemldisputati
856 3945 953 4038 posse
970 3963 1014 4016 ex
1032 3939 1177 4040 aequo*

517 4086 519 4088 ·
727 4058 751 4130 s
1108 4043 1180 4119 ku
1249 4120 1255 4135 ,

556 4212 567 4253 r
796 4170 960 4258 l,x
