2934 4725
391 428 1166 589 'trt'nJucr1unu‘132

228 689 345 784 primis
372 672 578 760 eo‘valuisie
610 704 648 759 ut
673 688 714 756 et
733 702 802 758 tum
829 689 978 769 omniurn
1005 685 1166 759 sermoni·
1243 666 1254 773 J

231 788 294 858 bus
315 784 553 870 celebraretur,
578 804 612 855 et
636 792 753 877 postea
777 787 946 877 egregium
974 785 1163 857 imitationis

228 882 418 973 eaenrplum
444 906 463 954 a
487 881 597 957 multis
623 880 811 952 auctoribus
848 881 1031 956 baberetur.
1082 881 1161 962 Vid,

229 983 390 1071 imprimis
414 977 519 1074 Krug.
544 975 662 1077 GeJeb.
687 977 748 1049 der
776 974 984 1075 Philosophia
1012 1003 1047 1073 p.
1077 999 1159 1072 150.

229 1071 357 1153 Verum
383 1097 611 1172 quaecumque
645 1072 757 1157 suerit,
774 1071 908 1148 Prodici
942 1098 1054 1163 mens,
1089 1076 1157 1148 ele·

225 1174 408 1266 gantisiitua
432 1174 504 1249 sane
529 1193 579 1246 est
602 1172 673 1268 ejus
700 1169 833 1260 sabula,
856 1196 896 1244 ac
925 1174 1065 1247 Virtutis
1084 1172 1157 1246 Vo-

226 1271 428 1366 luptatisque
470 1290 615 1348 naturam
648 1289 715 1342 tam
748 1273 882 1365 egregie
915 1271 1081 1366 depingit,
1118 1294 1157 1345 ut

218 1369 347 1441 nescias
362 1368 442 1463 quid
459 1372 562 1464 magis
578 1370 723 1452 mireris,
748 1369 958 1444 veritatemne
983 1389 1154 1465 argumen-

226 1484 336 1541 tomm
362 1489 403 1538 an
437 1469 595 1539 orationis
620 1465 816 1539 suavitatem.
871 1464 923 1538 Ut
945 1486 983 1538 ut
1004 1488 1071 1554 ert,
1094 1488 1158 1540 ne·

223 1565 346 1634 minem
378 1567 410 1640 in
437 1563 552 1636 litteris
576 1566 620 1633 ita
645 1562 811 1655 hospitem
844 1565 913 1634 esse
938 1565 1150 1651 arbitramur,

224 1663 310 1753 quin·
334 1659 519 1734 Prodiciaro
553 1657 698 1732 fabulam
731 1678 897 1752 tamquam
924 1659 1046 1754 digitos
1076 1661 1151 1731 suos

221 1760 375 1841 noverit,
401 1758 587 1851 'probeque
611 1757 710 1843 stiae,
743 1774 830 1850 quae
859 1759 895 1833 in
924 1757 982 1831 illa
1004 1762 1150 1853 virtutip,

223 1872 309 1945 quae
332 1840 509 1946 voluptatis
535 1855 597 1928 lint
623 1874 750 1947 partes:
776 1857 889 1948 itaque
922 1855 1021 1930 uobis
1045 1877 1150 1949 expo·

223 1948 320 2019 suisse
338 1949 490 2035 sufficiat,
513 1972 583 2044 quo
599 1951 709 2021 redeat
723 1950 795 2042 eius
817 1951 951 2024 summa.

206 2099 210 2107 -
272 2043 435 2119 Hercules
460 2046 652 2119 adolescens
675 2048 709 2117 in
733 2047 825 2116 bivio
857 2048 957 2134 sedit,
1000 2047 1151 2119 dubitans

222 2144 486 2239 ingrederetume
510 2145 638 2217 virtutis
661 2145 747 2216 viam
779 2165 819 2215 an
853 2145 1042 2238 voluptatis.
1098 2143 1151 2216 lbi

221 2243 304 2313 duae
334 2239 485 2311 mulieres
512 2241 554 2317 ad
581 2260 657 2310 eum
683 2237 910 2327 accesserunt,
939 2242 1040 2313 altera
1064 2240 1152 2313 libe.

221 2340 279 2411 tali
304 2337 510 2435 elegantique
535 2358 697 2432 corpore,
732 2334 825 2412 vultu
856 2361 895 2411 ac
921 2341 1143 2428 retinentis,

219 2437 319 2510 altera
348 2437 444 2529 supra
474 2436 610 2510 modum
643 2437 798 2525 exculta,
831 2456 864 2508 et
882 2441 1001 2530 quouis
1030 2457 1146 2531 ornatu

218 2553 419 2609 venustatem
445 2556 485 2606 ac
509 2534 774 2627 pulcritudinem
788 2532 952 2606 affectans
1012 2533 1059 2608 Et
1086 2536 1147 2606 bu·

216 2631 270 2727 jus
297 2632 429 2724 quidem
454 2651 575 2716 nomeu
601 2652 678 2704 erat.
698 2633 825 2728 ignava
841 2630 1026 2726 ‚Voluptam
1059 2654 1144 2725 quae
1270 2679 1283 2694 a

217 2732 310 2822 prior
337 2727 516 2802 Herculem
541 2728 685 2801 allocuta
710 2750 782 2812 est,
821 2730 1017 2824 docuitque,
1058 2752 1145 2823 quae

218 2826 405 2897 brevisfima
430 2828 512 2897 esset
529 2826 573 2904 ad,
587 2845 721 2897 omnem
738 2825 926 2903 felicitatem
946 2831 1018 2906 via,
1043 2849 1143 2919 quam

116 2948 121 2956 ·
216 2924 241 2996 fi
269 2921 418 3018 persequi
445 2922 574 3007 uellet,
604 2919 679 2992 fore
714 2942 752 2992 ut
784 2918 928 3012 cujusvis
959 2922 1142 3013 voluptatis

217 3018 363 3106 fructum
396 3019 463 3092 fine
497 3017 569 3095 ullo
603 3016 718 3092 labore
752 3017 1006 3112 adipisceretur·
1050 3020 1141 3094 Cum

215 3116 314 3208 finem
341 3117 471 3193 dicendi
504 3114 635 3193 fecisset
666 3115 836 3208 voluptas,
876 3117 974 3191 altera
1005 3118 1140 3204 mulier,

136 3253 140 3258 ·
215 3236 300 3310 quae
322 3213 447 3319 ,Vanus
472 3214 716 3309 appellabatur,
750 3217 793 3287 ita
819 3214 971 3310 iuvenem
997 3214 1142 3289 allocuta

214 3334 264 3387 est
291 3334 327 3384 ut
353 3312 539 3388 ostenderet
565 3314 674 3400 viam,
705 3334 805 3406 quatu
829 3314 897 3406 ipsa
930 3313 1144 3383 commenda·

214 3430 286 3493 ret,
311 3412 362 3485 ad.
372 3415 505 3504 quaevis
522 3409 659 3481 honesta
674 3428 707 3479 et
725 3410 889 3499 praeclara
907 3409 1047 3496 ducere,
1073 3432 1141 3482 non

214 3509 348 3601 quidem
374 3510 439 3581 line
463 3510 624 3581 aemmnis
650 3526 685 3577 et
702 3507 819 3579 sudore
844 3506 1058 3601 acquirenda,
1086 3508 1140 3580 sed

211 3626 256 3675 eo
284 3602 431 3676 dulciora
455 3627 493 3677 ac
514 3604 730 3699 jucundiora,
762 3625 833 3700 quo
859 3604 999 3695 majores
1025 3604 1139 3675 diffici-

213 3701 381 3801 lioresque
415 3722 552 3780 conatus
590 3700 833 3796 requiilrissent.
899 3700 988 3772 Tum
1020 3702 1139 3774 iterum

213 3798 344 3893 Ignavia
374 3798 553 3870 sermonem
589 3802 758 3891 excipiens
789 3803 939 3875 virtutem
970 3801 1138 3890 increpat,

136 3978 138 3981 Α
210 3895 347 3994 ejusque
384 3898 538 3991 ingratam
570 3893 791 3975 difficultatem
826 3898 1000 3984 ostendit,
1044 3900 1141 3992 cujus

81 4082 87 4087 ,
209 3992 342 4098 quidum
374 3996 558 4096 orationem
581 3995 704 4088 'Virtus
740 4018 821 4076 mox
851 3995 1063 4097 interpellat,
1106 4017 1142 4072 et
1264 4035 1268 4042 ·

648 4091 714 4193 13
925 4126 927 4132 v
1081 4111 1144 4169 ro·
