2934 4725
268 445 338 520 αμ
400 416 651 497 ADDENDA
674 440 721 491 ιτ
746 393 1083 489 CORRIGENDA.

411 616 589 706 „subtilis
616 614 751 690 hercule
775 589 808 692 at
839 627 1014 706 peracuta,
1047 631 1145 704 quarn
1172 614 1209 689 in

412 715 525 817 „lite
553 712 697 784 mulieris
721 711 935 802 Syracusanae
963 709 1089 781 habuit
1138 714 1209 784 Ve-

337 865 344 880 .
417 860 446 901 ,,
467 834 539 882 rum
571 813 677 881 multo
695 806 759 882 fuit
781 811 869 902 apud
893 809 1106 880 Athenienses
1133 809 1209 885 cle·

421 959 449 998 „
474 914 542 979 rior
586 910 741 1001 Gorgias.
794 909 841 979 Et
876 908 965 977 hunc
989 908 1062 977 sane
1092 907 1232 999 jason,

414 1033 485 1099 „q
465 1011 522 1099 qui
540 1009 572 1075 in
597 1005 762 1077 Thessalia
794 1007 959 1098 tyrannide
984 1007 1111 1095 potitus
1135 1026 1209 1091 est,
1315 1033 1323 1096 j

362 1147 364 1158 ‹
418 1153 445 1194 „
472 1104 707 1197 pluriu'mulro
744 1099 825 1174 fecit
849 1124 947 1195 quam
982 1102 1211 1190 Polycratem,
1437 1095 1438 1108 ¹

426 1204 534 1294 „qui
560 1202 641 1270 nolli
675 1202 737 1270 fuit
757 1205 790 1271 in
818 1201 1064 1271 Atheniensium
1090 1200 1212 1278 scholis

420 1349 446 1386 ‚,
435 1301 677 1390 ,eloquentiae
704 1299 801 1369 laude
825 1298 971 1369 inferior.
1005 1299 1133 1371 Vixisle
1156 1319 1212 1368 au·

312 1399 315 1404 ⁴
419 1418 538 1483 „tem
584 1397 750 1489 Gorgiam
787 1417 889 1469 annos
931 1396 1040 1469 ferunt
1081 1416 1214 1466 centum

296 1529 299 1532 ·
422 1497 631 1584 „quinque
725 1537 754 1549 1·

472 1592 528 1662 De
560 1589 750 1679 Polycrate
768 1589 828 1661 illo
863 1549 1074 1680 Athenienll,
1112 1590 1211 1682 cujus

292 1719 319 1734 ·>
418 1685 594 1762 Pausanias
623 1693 791 1772 meminit,
835 1691 901 1760 vid.
937 1689 1036 1762 Fibr.
1076 1688 1116 1762 Β.
1151 1690 1226 1762 Gt..

194 1817 197 1824 s
422 1788 469 1860 T.
503 1786 565 1857 IV.
592 1811 626 1877 p.
655 1789 739 1874 486.
784 1785 873 1884 Quis
910 1787 1045 1864 affirmet
1076 1789 1217 1859 eundem

340 1956 345 1962 ,
386 1949 390 1954 .
425 1886 547 1964 foisse,
575 1885 806 1977 atqueillum,
834 1885 927 1976 cujus
948 1885 1012 1955 fuit
1038 1884 1218 1978 libererepi
1341 1877 1347 1884 ’

292 2033 295 2042 ,
426 1977 628 2078 σχημάτων
657 1981 904 2075 Ἀφροδισίων,
947 2005 1047 2076 quem
1075 1981 1221 2072 vulgavit

188 2119 196 2134 ι
294 2147 300 2156 ,
417 2084 485 2153 vsub
504 2087 643 2151 nornine
667 2081 890 2153 Philaenidis?
908 2083 973 2151 vid.
991 2079 1220 2152 Athen.VllI.
1306 2085 1308 2090 ’

273 2243 281 2259 ,
428 2204 464 2272 p.
502 2199 583 2269 335.
629 2178 721 2249 llaec
751 2182 893 2272 'quidem
927 2180 1110 2248 vindicatio
1128 2180 1220 2247 istius
1277 2250 1284 2253 ,

293 2329 296 2336 ·
427 2275 640 2349 mulierculae
658 2278 795 2348 debetur
814 2278 1026 2346 Aeschrioni.
1056 2276 1121 2346 vid.
1142 2273 1220 2345 Phi·
1307 2295 1310 2298 ·

321 2390 330 2411 ¹
381 2406 384 2411 ·
430 2376 568 2447 laenidis
588 2377 790 2468 epitaphium
807 2377 895 2467 apud
906 2377 1132 2458 Athenaeum
1141 2373 1223 2445 ibid.

425 2473 483 2546 De
507 2474 584 2566 ejus
587 2473 769 2545 dicendi<r
746 2495 866 2566 genere
881 2494 985 2570 pauca
1002 2473 1107 2545 habeo
1117 2428 1222 2547 l)ion.

351 2600 358 2609 ·
409 2569 508 2642 Hal.
526 2594 561 2662 p.
583 2592 666 2642 ιιι.
685 2593 719 2641 et
748 2574 826 2666 167.
846 2571 936 2643 Edit.
954 2570 1047 2660 Sylb.

481 2667 582 2739 Hunc
615 2688 724 2739 autem
752 2671 925 2742 Oratorem
953 2669 1005 2737 vel
1041 2668 1225 2738 Rhetorem

429 2767 501 2841 srve
526 2786 679 2858 putemus
707 2765 871 2838 unacum
901 2766 1028 2860 Gorgia
1055 2769 1089 2834 in
1118 2764 1228 2833 Thes·

349 2936 353 2943 ,
386 2892 390 2901 ·
432 2863 508 2944 salia
535 2864 692 2934 versatum
729 2865 819 2951 esse,
854 2865 920 2938 sive
952 2864 1003 2933 his
1039 2861 1229 2933 hominibus

384 3040 388 3047 x
437 2981 573 3051 operam
611 2962 698 3031 suam
732 2962 894 3034 forensem
920 2960 1045 3053 scriptis
1071 2962 1225 3032 orationi
1254 2978 1260 2986 '

294 3106 299 3115 ·
438 3059 502 3127 bus
516 3060 714 3143 venditasse,
725 3048 860 3133 videtur
877 3061 950 3130 lane
973 3060 1157 3131 Thessaliae
1176 3080 1228 3138 re·

359 3154 362 3159 ’
436 3109 753 3251 gulisirrteriorclrm
764 3154 948 3229 Atheniens
952 3157 1231 3229 busfurslelrtera

440 3255 771 3326 rumethumanitatis
790 3260 1029 3328 commercium
1039 3277 1231 3351 ,quamcue
1234 3263 1237 3270 '

295 3418 299 3423 .
437 3351 490 3445 jus
478 3373 598 3421 nune
618 3375 705 3424 certa
724 3358 860 3447 vestigia
875 3358 1026 3450 indagare
1046 3355 1227 3447 possumus,

286 3448 289 3461 ¹
490 3449 667 3520 Caeterum
696 3454 728 3523 ln
758 3458 891 3547 gratiam
927 3456 1089 3526 lectorum
1115 3451 1233 3522 descri-

403 3600 405 3609 ,
441 3544 517 3616 bam
550 3549 648 3619 verba
675 3551 913 3644 Olympiodori
939 3549 1230 3626 commentitus,

440 3645 499 3714 ad
509 3643 664 3717 Platonis
701 3650 884 3745 Gorgiam,
929 3648 982 3744 'cuj
986 3676 1022 3724 us
1055 3645 1234 3746 praefatio·

444 3763 519 3811 nem
542 3745 625 3812 edil
616 3767 640 3812 rt
658 3745 825 3820 Routhitrs
832 3748 947 3840 ,(vid.
967 3677 1110 3824 l’latonis
1133 3746 1234 3843 Gorg
1245 3743 1269 3761 ’“

379 3869 383 3877 ·
420 3837 505 3918 Ed.
525 3840 710 3925 Findeisen.
730 3869 765 3938 p.
786 3848 868 3938 603.
886 3849 980 3967 sqq.)
1057 3876 1059 3881 ·

492 3942 538 4021 00
522 3936 638 4048 709099
663 3939 681 4015 o‘
702 3947 872 4025 osorton
891 3942 1156 4027 attineamini
1173 3968 1238 4069 tqry
1266 3934 1278 4008 .’
1374 3960 1379 3969 ·

1145 4099 1146 4102 “
1204 4047 1239 4132 lu

927 4376 932 4379 ⁷
1106 4256 1164 4339 ι-
