2934 4725
500 867 758 962 CAPUT
798 884 883 964 ΙΙΙ.

430 1176 906 1255 »tomeun

629 1453 662 1547 s·
691 1421 729 1533 1?

324 1687 384 1762 De
406 1689 541 1763 Prodici
562 1691 651 1776 aira,
677 1689 830 1785 ingenio,
853 1690 1005 1772 moribus.

255 1895 360 2046 De
385 1967 515 2042 Prodici
553 1979 616 2044 vita
647 1975 810 2067 rebusque
838 1978 937 2068 gestis
968 1989 1131 2062 perpauco

208 2070 342 2157 cognita
359 2067 441 2139 sunt.
467 2067 571 2164 Quod
589 2092 631 2140 eo
650 2075 752 2164 magis
771 2072 950 2142 mirandum
967 2088 1037 2147 est,
1055 2086 1134 2141 cum

156 2189 160 2193 ’
208 2158 265 2231 ille
283 2165 414 2236 minime
444 2187 626 2257 postremus
650 2171 732 2238 inter
752 2168 923 2259 sopheret
941 2163 1130 2245 censeatur,

207 2256 299 2330 seda
331 2259 464 2333 Platone
494 2264 631 2358 aliisque
657 2264 761 2358 vulgo
789 2286 866 2335 cum
893 2264 1070 2353 Protagora
1098 2278 1133 2333 et

208 2353 335 2451 Gorgia
356 2359 449 2454 jungi
473 2384 512 2438 as
536 2366 696 2455 componi
722 2362 822 2433 soleat
841 2362 920 2457 (r)
945 2359 992 2432 Et
1011 2358 1131 2431 ‘dolen-

206 2450 288 2524 dum
313 2457 445 2550 quidem
461 2480 532 2546 est,
552 2461 649 2552 hujus
664 2464 723 2532 viri
742 2460 806 2531 sata
831 2461 872 2532 ab
897 2459 1135 2550 antiquioribus

208 2552 422 2642 scriptoribus
445 2560 575 2649 prorsus
596 2558 663 2627 esse
691 2558 863 2652 neglecta,
888 2578 965 2628 curn
981 2580 1000 2627 a
1018 2554 1136 2628 Xeno·

208 2652 336 2748 phonte
360 2654 459 2739 inde,
483 2654 729 2728 celebratisbnra
755 2656 793 2726 stt
829 2678 888 2749 per
919 2676 1020 2725 toturn
1047 2656 1133 2724 uui-

171 2777 175 2796 s
196 2749 364 2840 quitatem
382 2751 437 2822 isla
462 2750 571 2824 fabulo
592 2752 741 2825 Prodicia
765 2757 806 2824 de
824 2753 994 2839 Hercule,
1045 2773 1130 2843 quae

210 2851 359 2936 quamvis
381 2847 550 2928 fortassee
572 2850 797 2941 Xenophonte
828 2854 982 2922 orationis
1008 2852 1131 2919 colori·

206 2941 269 3012 bus
297 2963 407 3015 ornate
423 2946 462 3016 sit
484 2968 581 3038 atque
598 2948 749 3036 exculta,
767 2968 837 3016 eam
865 2967 969 3016 tamen
987 2948 1133 3024 continet

7 3067 13 3080 ·
77 3053 89 3068 “
137 3083 148 3095 ·-
208 3041 353 3130 uirtutis,
395 3046 643 3135 temperantiae,
670 3043 848 3115 sobrietatis
873 3044 1130 3113 commendatio-

123 3165 150 3239 '.
208 3157 303 3221 nem,
330 3162 415 3233 quae
430 3161 555 3235 pugnet
571 3163 647 3213 cunr
667 3139 813 3211 luxuriae
837 3133 1059 3233 mo'si'tiaeque
1076 3143 1144 3224 int

205 3230 321 3312 famia.
346 3260 444 3329 quarn
465 3240 518 3308 alii
537 3238 679 3310 Prodico
695 3239 885 3320 intulerunn

256 3336 350 3409 Solet
358 3333 518 3408 Prodicus
536 3338 628 3409 Ceus
643 3335 965 3432 cognominari‚(2)
980 3337 1127 3431 quippe,

1096 3457 1225 3512 ut-

248 3593 309 3682 (1)
328 3596 402 3662 Vid.
418 3598 530 3677 Plato,
558 3592 690 3663 Tbeiet.
718 3601 814 3680 1184.
837 3595 891 3662 ubi
908 3611 1007 3661 narrat
1022 3596 1133 3662 Socra·
1240 3675 1242 3680 Α

207 3699 276 3760 tes,
301 3683 330 3748 se
346 3683 473 3765 juvenes
495 3680 642 3764 equibus
658 3681 827 3749 obstetricia
847 3682 898 3747 sna
924 3699 987 3747 arte
1008 3682 1128 3749 foetum

204 3774 312 3841 eiicere
328 3789 393 3835 non
410 3769 511 3849 posset
522 3817 539 3847 ,,
552 3770 684 3836 Prodico
702 3774 817 3837 tradere
836 3770 941 3838 aliisue
958 3769 1126 3852 Sophistis.

204 3858 250 3939 eft
273 3858 387 3942 Tlrrag.
410 3876 460 3921 10.
484 3858 521 3922 F.
732 3895 734 3904 t

248 3944 308 4032 (a)
328 3947 358 4011 A
380 3943 611 4029 nonnullis‘per
625 3960 759 4012 errorem
784 3944 885 4013 Cbius
906 3959 1034 4028 vocatus
1056 3963 1125 4021 est:

620 4034 761 4132 35st
1062 4041 1126 4114 vid.

665 4343 673 4376 l
