2934 4725
393 340 986 496 exn-Jno'rtuxe„
1072 426 1158 501 ω

169 584 404 690 ltaque
411 594 601 691 Protagoras
620 618 696 667 cam
717 597 787 667 lero
805 610 839 670 et
862 616 965 671 cerata
980 600 1043 687 iam
1062 600 1155 693 adol

231 709 262 763 to
298 694 341 764 ad
375 694 582 769 scientiarum
612 696 751 766 studium
787 694 819 765 le
849 696 1151 786 applicuisset‚et

226 811 367 909 propter
390 814 517 887 vagum
532 798 622 864 vitae
643 796 766 887 genus‘,
799 793 1111 888 instituendaeque
1099 819 1150 883 Ju

226 892 369 962 venturis
403 896 676 982 occupationem,
712 891 880 961 ilias‘non
907 891 963 962 nili
992 893 1148 965 a'limlne

230 985 407 1072 salutasset,
422 991 579 1080 imprimis
596 991 770 1080 accedente
786 992 918 1079 ingenio
936 989 1067 1076 subtili,
1094 990 1148 1062 seo

227 1085 271 1153 ad
296 1090 461 1157 vanitatem
481 1088 708 1179 propensiore,
720 1087 844 1177 liapius
864 1089 981 1155 artium
1000 1087 1144 1159 scientia

227 1200 368 1278 rumque
393 1188 616 1277 cognitionem
641 1182 828 1261 affectabat,
851 1205 934 1274 quas
953 1204 1145 1255 tamennon

228 1287 357 1372 penitus
378 1286 516 1351 tenebat⁶
561 1281 673 1377 Quum
703 1303 782 1351 vero
804 1282 1018 1373 intelligeret,
1038 1282 1148 1353 nomi·

227 1381 275 1448 nis
301 1379 345 1447 lui
373 1378 493 1449 nullam
518 1377 590 1450 fore
604 1381 826 1450 celebriorem
854 1400 1065 1469 perpetuam,
1092 1383 1146 1451 ni·

131 1484 134 1487 ’
225 1475 247 1545 fi
281 1498 374 1546 verae
402 1479 568 1557 doetrinae
591 1477 756 1547 delectum
783 1497 839 1546 aut
873 1499 971 1546 vanae
997 1478 1144 1548 scientiae

190 1580 195 1595 “
224 1579 441 1644 ostentatione
470 1596 572 1666 comp
583 1596 717 1651 nsoter,
751 1594 806 1643 aut
832 1595 878 1642 ar
882 1574 970 1643 ilitio
1005 1574 1144 1657 celaret,

226 1669 337 1761 poluit
359 1671 441 1740 nihil
466 1672 554 1752 sciri,
581 1672 666 1759 dici,
691 1670 859 1751 affirmari,
883 1671 1003 1741 laudari
1023 1673 1145 1757 olere,

225 1769 318 1859 quod
343 1789 410 1837 non
438 1773 533 1839 etiam
556 1772 718 1861 ignorati,
744 1771 873 1860 negari,
906 1770 1031 1859 culpari
1066 1792 1148 1861 pos·

194 1918 196 1925 s
230 1863 286 1932 set.
323 1859 416 1945 Hanc
444 1864 628 1934 sententiaim
648 1887 723 1935 cum
754 1866 825 1934 satis
851 1868 944 1935 avide
969 1867 1147 1957 amplecte·

228 1971 339 2028 rentur
374 1960 522 2030 homines
548 1966 693 2052 inprimis
720 1963 868 2051 juvenen,
901 1963 1011 2030 sensim
1040 1967 1148 2032 omnis

227 2059 299 2148 ejus
316 2056 485 2135 disciplina
504 2058 542 2127 ad
560 2058 793 2137 Rhetoricam‚
818 2058 1075 2129 etDialecticarn
1094 2060 1149 2127 de·

228 2153 310 2226 flexa
329 2156 359 2223 in
379 2153 428 2222 his
447 2154 608 2238 conliitit,
633 2175 836 2248 quaequam
863 2155 962 2247 longe
987 2175 1063 2223 eunt
1089 2158 1147 2226 ab·

120 2302 123 2311 ,
229 2252 380 2331 duxerint
395 2253 567 2322 ostendunt
581 2252 741 2341 Diogenis
760 2253 876 2336 verba,
896 2251 933 2322 L¹
954 2251 1017 2322 IX.
1036 2254 1069 2342 5.
1087 2275 1145 2343 52·

227 2349 285 2421 ool
302 2345 408 2443 λόγων
428 2343 561 2442 ἀγῶνοις
580 2344 788 2432 ἐποιήσαντο,
812 2350 870 2421 aa>
895 2348 1059 2439 σόφισμα
1077 2350 1148 2429 τοῖς

227 2454 563 2539 πραγματολογοῦσι
588 2443 804 2539 προσήγαγε,
828 2449 886 2518 καὶ
913 2446 969 2535 eiu
997 2445 1148 2521 διάνοιαν

226 2540 352 2632 ἀφεὶς,
378 2545 458 2636 πρὸς
477 2545 627 2630 trivetto
644 2540 695 2616 δνέ
678 2544 829 2639 έλεχθη,
856 2545 913 2615 καὶ
940 2571 980 2616 to
1005 2551 1057 2616 νῦν
1075 2542 1149 2618 ἔτι·

226 2641 366 2715 πέλανον
376 2644 480 2761 γένος
498 2645 561 2714 τῶν
577 2639 719 2736 &prelatio
747 2640 929 2736 ἐγέννησεν.
980 2644 1090 2715 Fuit
1080 2649 1147 2758 igi·

227 2761 280 2813 tut
305 2743 374 2831 ejus
400 2736 627 2826 ἀντικειμένη
652 2739 755 2835 λογον
779 2766 845 2812 non
874 2746 979 2812 oratio
1003 2746 1146 2814 veritatis

230 2840 441 2931 indagatrix,
453 2862 534 2908 non
542 2861 688 2908 errorum
710 2840 924 2930 falsarumque
950 2844 1146 2927 opinionum

116 2945 128 3020 f
228 2935 410 3025 expultrix,
444 2956 512 3003 non
538 2938 678 3026 denique
704 2934 919 3024 speciosarum
945 2955 1146 3024 argumenta·

228 3035 355 3102 tionum
372 3034 511 3127 argutias
527 3030 704 3112 refutabat,
730 3030 783 3100 led
800 3033 885 3101 inani
908 3032 1147 3102 vocabulorum

227 3132 372 3222 aucupio
395 3130 578 3201 auditorum
595 3131 719 3202 animos
746 3129 951 3218 occupabat,
967 3152 1005 3200 ac
1024 3152 1145 3216 voces,

229 3251 298 3300 non
323 3249 373 3297 res
399 3226 481 3318 iplas
506 3225 683 3296 refellebat.
716 3226 876 3341 Iniquum
893 3250 932 3297 au
937 3250 1001 3297 tem
1029 3229 1146 3305 stin

230 3327 297 3395 hoc
321 3324 446 3415 judicio
472 3325 684 3417 requievisse:
709 3347 775 3394 non
800 3329 885 3396 enim
912 3325 1036 3417 semper
1067 3324 1148 3395 Pro·

228 3442 370 3513 togulam
387 3424 447 3494 hac
472 3428 594 3493 ratione
612 3422 704 3492 ulum
730 3422 798 3492 esse
823 3443 993 3513 putemus,
1021 3422 1074 3495 sed
1106 3425 1148 3496 de

229 3476 342 3590 multis
367 3523 462 3608 rebus
480 3540 534 3590 aut
552 3519 731 3589 disseruisse
746 3519 894 3598 doctius,
924 3543 978 3590 aut
993 3521 1150 3612 scripsisse

230 3618 365 3708 elegant
369 3640 429 3701 us
454 3638 486 3688 at
511 3638 590 3685 vero
622 3638 688 3686 non
717 3617 781 3685 sne
818 3618 970 3733 periculo·
991 3641 1149 3710 negetur,
1229 3619 1231 3626 ‘

199 3767 202 3772 .
230 3736 306 3783 eum
338 3714 539 3804 iophimcae
570 3734 693 3806 patrem
724 3718 842 3784 merito
863 3720 994 3796 vocari,
1028 3738 1067 3786 oc
1091 3722 1149 3791 nili

229 3812 297 3904 iple
325 3833 423 3881 omne
451 3813 655 3904 elegantioris
673 3813 839 3883 doctrinae
861 3812 1024 3883 studium
1016 3836 1048 3883 tn
1074 3839 1152 3906 per·

230 3912 351 3984 niciem
389 3914 575 3998 vocaverit,
624 3928 810 4077 eoHtamen
837 3914 959 3985 artibus
991 3913 1152 4000 scientiis,

206 4049 218 4102 ,ἱ
269 4042 292 4104 'i
736 4027 797 4098 4s
950 4038 953 4042 ’
1093 4031 1155 4081 ¹¹¹¹·
