2934 4725
546 312 550 367 l

339 488 407 569 170
530 461 688 543 aera
729 468 1089 550 socrururts

331 712 356 750 η
381 661 444 731 bns
468 659 533 753 lam
562 665 650 742 hunc
675 667 805 754 virum,
825 667 1005 756 Socrates,
1030 670 1163 764 dignum
1183 692 1264 743 cem.

328 807 357 845 „
382 759 459 843 seo;
492 782 593 851 quum
621 762 698 834 huic
725 766 850 835 homini
878 766 1024 853 accidat,
1051 769 1131 840 ficut
1157 770 1261 841 modo

328 906 354 943 „
377 858 554 947 dicebam,
599 883 638 930 ur
663 863 783 943 etiamfi
810 863 894 932 bene
929 884 1022 933 natus
1054 867 1112 947 stt,
1152 885 1261 942 umen

192 972 194 981 ‘
278 963 281 967 ’
327 959 465 1041 „iners
494 976 527 1026 et
553 956 784 1049 ignauusfiat:
816 958 903 1054 fugit
927 964 1014 1033 enim
1045 963 1183 1036 mediam
1211 967 1260 1034 ci·

328 1096 354 1140 „
380 1057 535 1141 uitatem,
559 1055 688 1146 forique
706 1059 859 1149 negotia,
884 1059 918 1126 in
938 1061 1058 1153 quibus
1077 1065 1255 1153 poetaram,
1379 1058 1384 1065 ’

330 1196 357 1238 ,‚
380 1147 504 1246 delabi
530 1148 722 1248 a'tpurperreie
756 1154 842 1224 fieri:
876 1148 1200 1251 absconditq‘uevsm
1223 1179 1257 1230 et

235 1278 238 1291 ¹
329 1298 355 1333 „
379 1271 537 1324 caeteram
573 1272 708 1322 aetatem
744 1257 811 1344 ugit
840 1272 916 1322 cum
951 1256 1053 1325 tribus
1086 1254 1138 1325 vel
1177 1278 1260 1349 qua·

328 1388 355 1434 u
377 1371 451 1421 tuor
475 1351 584 1439 pueris
608 1353 640 1419 in
669 1350 812 1441 ungulo,
833 1350 1046 1430 susurrando,
1071 1349 1153 1420 nihil
1184 1374 1259 1422 um·

208 1526 211 1531 ,
329 1491 356 1532 „
381 1468 479 1540 quam
505 1446 637 1516 liberale
655 1467 710 1517 aut
737 1446 948 1541 magnificum
964 1449 1160 1541 prolaturus.
1193 1449 1259 1529 Ita·

325 1568 444 1639 „que
469 1546 587 1619 eodem
617 1545 719 1615 modo
746 1566 834 1619 nunc
858 1566 934 1641 erga
969 1566 1001 1616 te
1024 1546 1160 1617 affectus
1176 1548 1254 1616 esse
1322 1598 1326 1619 ,

327 1681 354 1728 θ
378 1647 515 1741 videor,
541 1663 610 1733 quo
639 1641 762 1714 Zethus
789 1664 866 1735 erga
896 1643 1144 1736 Amphionem,⁸
1168 1644 1256 1736 apud
1302 1662 1307 1671 ’

325 1782 352 1824 „
379 1740 595 1830 Euripidem,
621 1740 714 1832 cujus
738 1741 842 1810 modo
862 1746 1060 1812 mentionem
1080 1742 1196 1834 injeci:
1222 1762 1255 1812 te
1458 1826 1459 1837 χ

328 1881 354 1920 „
378 1841 465 1912 euim
494 1838 656 1931 ejusmodi
681 1836 750 1909 fere
783 1839 890 1908 verbis
915 1839 1099 1932 appellari,
1125 1839 1255 1930 ‘quibua
1355 1898 1360 1906 .
1458 1840 1459 1901 i

327 1979 352 2018 ,‚
377 1936 432 2008 ille
456 1935 608 2015 fratrem3
633 1935 725 2027 quod
741 1934 882 2029 negligis
906 1957 944 2014 ea
969 1956 1054 2031 quae
1080 1936 1253 2007 curaetibi

327 2078 352 2116 η
376 2034 444 2104 esse
471 2032 667 2124 oportebat,
700 2048 980 2125 repraesentem
1009 2052 1096 2105 ruam
1125 2050 1256 2111 naturae

327 2129 520 2214 „indolem
552 2129 687 2223 juvenili
723 2127 831 2219 specie
860 2131 1005 2224 effingis,
1039 2146 1157 2218 utpote
1194 2131 1254 2222 qui
1339 2198 1343 2204 ,

326 2272 351 2312 ‚‚
377 2249 439 2300 nec
456 2233 489 2298 in
503 2223 654 2299 conciliis
673 2246 762 2294 recte
780 2229 878 2297 verbo
894 2228 1000 2300 facere
1009 2274 1023 2313 ,
1044 2245 1156 2319 raeque
1172 2247 1256 2296 con·

326 2374 352 2412 ,‚
377 2327 506 2398 veniens
535 2345 573 2397 ac
601 2322 774 2414 probabile
795 2321 936 2416 eligere,
960 2338 1068 2416 oeque
1091 2320 1254 2398 aliiaala·

329 2461 355 2512 9,
380 2426 476 2496 criter
500 2422 668 2494 consulere
686 2417 776 2492 scias.
825 2405 956 2517 Quaress
983 2420 1114 2491 obone
1133 2418 1253 2497 Socra·

326 2565 351 2608 „
375 2544 447 2608 tes,
488 2522 550 2613 (ne
578 2517 657 2591 mihi
689 2516 860 2591 succense:
900 2517 1131 2589 benevolentia
1165 2520 1251 2587 enim

325 2659 351 2706 „
375 2642 451 2714 erga
482 2641 514 2690 te
549 2635 626 2689 mea*
655 2616 696 2686 ad
733 2618 815 2687 haec
853 2617 1047 2708 proferenda
1079 2631 1167 2684 nunc
1198 2634 1252 2691 nae,

325 2761 351 2805 ,‚
376 2721 509 2799 movet)
536 2734 644 2790 nonne
671 2714 774 2802 pudet
793 2711 860 2801 te,
883 2715 928 2788 fic
953 2729 1176 2802 comparatum
1202 2733 1254 2781 es·

324 2857 352 2905 „
378 2819 426 2902 se,
451 2811 724 2907 quemadmodum
761 2803 899 2883 arbitror
924 2829 957 2880 et
978 2829 1010 2879 te
1037 2829 1086 2879 et·
1107 2829 1253 2881 caeteros

319 2945 353 3002 x„
378 2934 493 2985 ornnes
502 2913 582 3005 ,qui
601 2907 843 3003 philosophiam
860 2910 979 2980 dlutius
996 2908 1248 3000 persequuntur!

326 3055 352 3101 ,‚
377 3032 463 3084 nuuc
489 3012 576 3079 enim
603 3008 626 3077 fi
649 3010 722 3097 quis
749 3023 783 3076 te
809 3006 988 3077 velalium
1007 3019 1204 3098 quemquam
1230 3024 1251 3076 e

326 3145 352 3200 ς,
376 3111 490 3182 vestris
515 3105 785 3198 comprehensum
819 3106 852 3174 in
884 3124 1046 3175 carcerem
1071 3108 1173 3194 rapiar
1198 3105 1251 3173 in·

326 3257 352 3298 ,‚
378 3210 500 3280 sontem
511 3254 525 3291 ,
544 3205 654 3273 dicens
671 3222 702 3269 te
720 3203 868 3293 injuriam
888 3200 1050 3285 intulisse3
1070 3201 1141 3270 sane
1157 3199 1251 3291 quod

324 3343 353 3396 ς,
376 3326 451 3401 agas
483 3323 550 3373 non
584 3298 742 3386 habebis,
777 3297 830 3366 sed
865 3302 1022 3392 vertigiue
1057 3315 1247 3385 correptum,

324 3448 353 3493 „
376 3404 517 3475 oscitans
535 3398 755 3469 obmutesces.
802 3393 953 3482 Deinde,
976 3396 1133 3464 adductus
1148 3394 1181 3460 iu
1198 3391 1252 3484 ju,

324 3551 350 3594 ,‚
375 3505 521 3585 dicium,
544 3494 596 3566 vel
622 3495 663 3563 ab
689 3498 817 3590 ignavo
835 3495 1032 3584 abjectoque
1063 3491 1251 3561 accusatore

324 3598 492 3690 „ultimo
521 3593 704 3686 supplicio,
729 3593 752 3662 st
779 3594 822 3663 ita
850 3591 899 3661 illi
927 3590 1107 3675 videbitur,
1133 3587 1249 3658 officie«

325 3744 351 3790 „
374 3701 428 3769 ris.
478 3693 577 3768 Enim
602 3709 681 3761 vero
707 3707 858 3783 potestne
871 3690 951 3761 lutee
969 3688 1119 3779 sapientia
1137 3683 1255 3775 appel-

325 3841 351 3884 „
378 3796 459 3880 lari,
495 3793 670 3875 Socrates,
710 3790 734 3872 fi
761 3811 827 3882 qua
858 3803 907 3857 ors
938 3787 1114 3879 ingenuom
1144 3782 1249 3855 rium

323 3943 349 3983 ‚‚
376 3910 491 3976 nacta,
523 3890 611 3959 huuc
639 3884 833 3970 deteriorem
858 3885 984 3969 reddit,
1015 3883 1161 3954 edeout
1184 3897 1249 3956 nee

291 4059 294 4066 Δ
324 4041 351 4089 „
376 3986 443 4097 ipse
467 3988 524 4068 fibi
547 3982 902 4089 opemlerrepossrt,
927 3993 1037 4088 neque
1060 3999 1080 4051 e
1105 3972 1252 4084 gravisi}-

1043 4105 1050 4110 “
1107 4157 1109 4162 ι
1133 4112 1167 4170 22*
1189 4089 1252 4147 mls
