2934 4725
330 396 424 472 ,1⁶2
523 346 687 467 nera
734 381 1102 469 soctrrnrrs

304 558 311 569 ¹
350 585 399 662 dit
428 587 573 663 bifariam
601 587 646 659 ic
672 584 829 680 explicari
845 585 952 680 posse.
973 595 1021 664 1⁰.
1044 585 1173 684 „Qu'ii
1194 591 1281 664 ataid

160 668 162 675 Ι
211 768 216 779 ,
329 714 376 773 ·„
401 682 793 776 uneirarangueremplie
810 685 946 757 detmits
963 686 986 756 ii
1005 685 1089 774 viis,
1113 686 1212 781 qu’iis
1228 706 1281 758 re·

349 833 377 873 „
401 782 755 855 veiiiaienti'attention
774 782 1043 857 desauditeurs.'’
1069 791 1121 860 2⁰.
1143 779 1302 881 „Quid

348 885 486 970 „avait
517 904 561 953 un
596 882 689 951 troiae
715 880 757 951 de
784 879 1012 974 Rhetorique‚
1046 877 1093 954 ola
1122 882 1154 953 se
1183 902 1281 955 troo«

347 1025 373 1064 „
398 982 504 1051 vaient
520 980 576 1050 des
605 978 722 1050 seems
740 998 828 1069 pour
843 982 997 1051 reveiiier
1012 979 1195 1052 i'attention
1220 981 1278 1050 des

347 1121 372 1164 „
398 1073 601 1148 auditeurs.”
637 1074 684 1146 At
708 1096 770 1146 nos
795 1077 928 1169 quidem
956 1098 1174 1149 veremurne
1196 1099 1279 1148 neu·-

348 1193 395 1246 tra
424 1176 535 1246 harum
562 1175 864 1264 interpretationum
887 1195 961 1245 vera
987 1176 1049 1253 fit„
1071 1175 1106 1245 Si
1138 1178 1276 1267 primam

346 1273 433 1342 enim
459 1268 709 1364 amplectimur,
743 1272 831 1342 hunc
855 1269 954 1343 fuisse
987 1292 1112 1341 morem
1144 1272 1277 1344 Prodici

348 1370 540 1457 credemus,
557 1364 603 1438 'ut
628 1368 651 1438 st
677 1366 895 1463 languidiores
913 1368 982 1439 fieri
1001 1366 1279 1445 videretaaudito·

234 1534 237 1543 Δ
347 1487 418 1550 res,
442 1467 595 1537 meciaris
616 1465 802 1537 animosad
829 1467 883 1538 sua
905 1469 992 1538 dicta
1015 1465 1200 1550 advertere,
1224 1468 1278 1536 su·

349 1556 534 1634 bito‘aiium
551 1564 726 1659 quemdam
744 1563 865 1635 librum
883 1568 1057 1658 arriperet,
1081 1584 1102 1634 e
1125 1581 1195 1657 quo
1210 1561 1275 1632 aii·

348 1662 428 1754 quid
451 1661 556 1735 iacere
583 1662 707 1733 dictum
732 1682 790 1734 aut
816 1684 913 1734 acute
935 1665 1156 1755 excogitatum
1183 1678 1279 1753 prae*

344 1756 491 1851 legereta
534 1781 649 1831 verum
682 1761 756 1851 quis
788 1761 847 1831 sibi
877 1763 911 1830 in
946 1763 1090 1851 animum
1123 1758 1278 1839 inducat,

344 1857 428 1927 adeo
447 1856 655 1929 cerebrosum
671 1854 770 1928 fuisse
789 1856 989 1943 Prodicum,
1008 1878 1046 1927 ut
1063 1857 1104 1929 ad
1120 1856 1278 1951 auxilium

346 1951 679 2049 confugerem-quod
694 1975 736 2024 ne
752 1954 908 2028 auxilium
927 1956 1061 2049 quidem
1086 1953 1194 2024 esset?
1216 1952 1273 2024 Sic

346 2054 436 2122 enim
462 2053 632 2124 excitasset
663 2055 796 2145 quidem
823 2053 1008 2132 auditores,
1034 2052 1088 2123 sed
1107 2050 1279 2121 excitasset

347 2151 387 2220 ad
413 2148 577 2220 stultitiam
615 2149 703 2218 suam
729 2152 915 2230 ridendam,
949 2168 1075 2239 eosque
1102 2148 1276 2219 alieniores

345 2247 440 2315 eriam
473 2242 708 2316 reddidissete
745 2247 838 2315 caula
874 2264 974 2335 quarn
1014 2263 1190 2332 peroraret.
1222 2276 1274 2297 -

345 2339 458 2412 Altera
492 2341 715 2434 interpretatio
751 2340 956 2434 probabilior
975 2341 1123 2433 iquidem
1164 2339 1298 2411 multo,

344 2457 413 2525 estr
441 2435 636 2522 redamat,
662 2438 755 2530 quod
780 2440 869 2533 apud
891 2436 1103 2510 Aristotelem
1136 2458 1173 2508 ea
1195 2460 1273 2514 ora·

345 2536 392 2606 tio
428 2531 852 2632 ἧπεντακσντάδραχμσς
887 2534 978 2628 (icti.
1005 2529 1184 2625 ἐπίδειξις)
1210 2558 1273 2605 vo-

330 2652 455 2703 -cature
481 2635 590 2705 luisset
613 2636 713 2729 igitur
740 2635 898 2707 Prodicus
914 2633 989 2705 usus
1007 2636 1129 2704 eisdem
1147 2633 1269 2704 artibus

275 2785 277 2794 Α
344 2748 380 2799 et·
410 2731 602 2818 ealliditate,
616 2709 619 2740 ⁸
634 2754 715 2826 quas
749 2734 820 2803 aliis
848 2731 1074 2803 occaiionibus
1102 2728 1270 2821 discipulis

332 2828 531 2926 divulgare,
557 2850 590 2901 et
607 2825 757 2900 mercede
772 2829 911 2902 vendere
931 2828 1064 2900 solebat.
1088 2826 1163 2899 Nos
1183 2828 1271 2897 Aris

336 2928 459 2998 ,totalis
488 2927 587 2999 verba
630 2930 673 2999 ita
704 2928 773 2999 fere
806 2927 1042 3017 interpretanda
1082 2924 1270 3006 censemusr-
1386 2941 1387 2944 ’

334 3022 523 3096 *Formuiae
549 3028 645 3110 istae:
670 3071 695 3109 „
723 3025 977 3098 animadvertite
990 3023 1177 3094 auditorem
1208 3044 1274 3093 mm

343 3168 369 3208 ,‹,
394 3145 468 3194 mea
495 3117 563 3215 sed
590 3138 703 3198 uestra
741 3145 796 3194 rer
827 3124 945 3217 agitur
953 3141 970 3192 r·
1000 3119 1088 3193 nihii
1114 3137 1276 3213 umquam

343 3268 369 3306 „
394 3238 465 3292 tam
491 3219 645 3291 mirabile
674 3219 868 3306 audivistisr
898 3219 932 3289 id
956 3231 1059 3309 genus
1082 3220 1180 3311 igitur
1205 3214 1277 3285 for·
1391 3253 1394 3258 f

344 3363 370 3402 „
394 3316 530 3403 mulae,
563 3317 667 3410 inquit
697 3315 878 3404 Prodicus,
910 3316 1079 3387 auditores
1101 3313 1185 3382 haud
1211 3311 1276 3383 mi·

345 3461 370 3501 ‚t
396 3436 455 3485 nus
481 3431 620 3485 attentos
653 3414 810 3499 reddunt,
841 3434 938 3508 quom
961 3413 984 3483 fi
1009 3404 1167 3498 ἐπίδειξιν
1194 3425 1270 3483 rrer·

344 3559 370 3597 „
393 3506 709 3607 τακοντκᾶράχμον
725 3515 875 3601 audiant3
887 3510 908 3563 '²
925 3530 959 3581 et
976 3511 1053 3580 huic
1069 3510 1201 3602 quidem
1222 3511 1273 3578 in·

229 3687 233 3695 ,
347 3612 571 3701 terpretationi
586 3610 745 3699 imprimis
765 3609 851 3680 favet
867 3606 1100 3703 Quintilianus.
1119 3604 1191 3675 inst.
1208 3604 1273 3677 Or}

346 3704 409 3776 iv,
435 3729 469 3777 α.
492 3710 549 3799 qui
572 3705 693 3778 nullius
716 3706 791 3777 iibri
818 3707 986 3789 meminit,
1010 3726 1048 3775 ac
1073 3721 1194 3774 tantum
1215 3722 1273 3772 re·

338 3804 429 3900 lert,
453 3825 530 3874 eum
558 3806 732 3876 identidem
761 3804 890 3876 solitum
917 3800 1013 3873 fuisse
1039 3800 1171 3895 Jueiees
1196 3817 1274 3869 mo·

375 3921 378 3926 ’
791 3927 793 3930 ·
1212 3914 1272 3965 ue·
