2934 4725
363 450 961 573 ranrucrruna,
1070 452 1135 551 ως

202 668 347 731 nornen,
371 669 410 718 ut
434 649 624 742 Xenophon
654 671 792 746 quoque
827 646 936 738 Grylli
964 646 1069 736 filius,
1101 653 1136 723 in

204 745 346 816 Boeotia
373 764 500 819 carcere
525 750 693 836 detentus,
721 748 928 819 disserentem
954 749 1133 833 audiverit,

205 848 361 935 corporis
387 847 466 915 vade
489 846 674 921 constituto.
725 847 791 931 Sed
809 867 874 916 non
894 845 1018 916 constat
1048 848 1134 916 unde

210 941 278 1009 hoc
309 942 455 1013 habuerit
482 944 713 1031 Philostratus,
741 967 816 1016 curn
845 964 971 1014 caetera
993 947 1134 1037 antiqui·

210 1057 258 1131 tas
285 1039 374 1110 hano
395 1039 625 1133 Xenophontis
649 1047 834 1115 servitutem
852 1043 992 1137 ignoret.
1171 1054 1174 1061 '

258 1136 314 1207 De
342 1138 474 1209 Prodici
498 1158 605 1213 tutem
633 1143 892 1238 peregrinatione
919 1130 1034 1210 diserte
1062 1136 1137 1209 Pla·

208 1252 267 1317 το,
287 1238 320 1305 in
338 1236 462 1329 Theag.
493 1258 545 1310 ro.
573 1239 612 1311 F.
637 1292 662 1328 ,‚
691 1246 750 1311 hin
768 1260 846 1310 vero
873 1238 1020 1309 ciuilium
1048 1240 1136 1308 viro·

209 1381 235 1418 ‚,
260 1352 330 1402 rum
358 1336 623 1425 consuetudinem
657 1339 814 1432 'lheagus
846 1337 900 1406 hic
927 1339 1135 1425 contemnit,

207 1477 234 1516 ,‚
258 1428 404 1525 aliosque
423 1438 568 1523 quaerit,
593 1440 650 1528 qui
671 1436 703 1506 se
728 1436 824 1527 posse
843 1433 1061 1525 'profiteantur
1081 1436 1136 1528 ju·

206 1571 234 1613 ,‚
260 1549 356 1600 venes
384 1531 568 1615 instituere,
594 1555 643 1604 est
677 1536 731 1603 hic
772 1534 927 1603 Prodicus
953 1533 1068 1618 Ceus,
1102 1551 1137 1603 et

204 1662 230 1709 ,·,
255 1626 397 1720 Gorgias
430 1625 642 1716 Leontinus,
686 1652 719 1701 et
751 1631 852 1700 Polus
886 1632 1135 1724 Agrigentinus,

206 1762 232 1808 ,t
256 1725 377 1815 aliique
396 1726 510 1810 multi,
537 1731 595 1821 qui
627 1748 688 1799 tarn
719 1729 874 1819 sapientes
902 1730 994 1814 sunt,
1021 1748 1056 1795 ut
1080 1750 1137 1797 ur·

206 1866 236 1907 „
261 1819 320 1887 bes
345 1825 569 1911 circumeant,
603 1826 877 1919 nobilissimisque
912 1846 945 1896 et
974 1824 1135 1895 ditissimis

205 1964 230 1998 ,‚
257 1913 430 2003 juvenibus
447 1923 655 2009 persuadeant
680 1943 715 1991 ut
740 1927 770 1991 se
799 1925 928 1992 audiant
941 1921 963 1949 ’'
998 1922 1135 2012 Saepius

208 2024 317 2083 autern
340 2015 477 2107 Athenis
503 2038 725 2088 commoratus
754 2021 820 2088 esse
847 2020 996 2105 videtur,
1021 2021 1135 2111 ibique

207 2111 356 2181 ultimam
373 2114 457 2182 vitae
469 2103 593 2205 partem
613 2114 754 2207 degisse,
780 2118 820 2186 dc
839 2115 932 2206 cujus
950 2114 1013 2185 line
1031 2137 1133 2185 unum

206 2207 334 2295 exiliit,
365 2210 466 2302 idque
500 2212 697 2282 levissimum
738 2216 959 2283 testimonium
998 2213 1136 2300 Soidae,

207 2309 357 2399 quieunr
384 2294 527 2380 Athenis
553 2313 695 2381 cicutam
722 2310 841 2382 bibisse
879 2311 994 2398 tradit,
1039 2311 1133 2404 quod

206 2404 383 2497 iuventutis
400 2427 507 2475 mores
527 2418 752 2501 corrumperet
779 2408 870 2500 (1),
896 2432 995 2502 quem
1020 2409 1134 2480 locum

212 2500 454 2573 siconserimos
471 2525 546 2574 curn
569 2507 749 2576 Philostrati
777 2510 906 2589 verbis,
931 2510 953 2577 Ι.
972 2509 994 2575 Ι.
1024 2504 1135 2602 ἆνὶχ·

149 2640 153 2652 ,
211 2621 281 2670 reve
306 2594 342 2671 lt
371 2590 466 2679 οὗτος
497 2598 577 2678 τοὺς
606 2599 810 2696 etlrrurpr'irtr
846 2608 907 2675 τῶν
942 2602 1039 2682 νέων,
1074 2606 1135 2676 nai

211 2691 292 2773 ’τοὺς
318 2690 358 2767 ἐκ
387 2699 447 2769 τῶν
482 2695 613 2787 βαθέων
647 2698 761 2787 eluar,
801 2702 843 2780 ὡς
870 2702 928 2772 καὶ
954 2701 1133 2796 προξένους

211 2791 392 2879 κεκτῆσθαι
410 2798 535 2880 ταύτης
558 2800 616 2882 τῆς
636 2795 743 2889 θήρας.
777 2799 964 2890 Χρημάτων
998 2827 1037 2871 τε
1061 2803 1132 2896 γὰρ

102 2971 107 2982 .
208 2884 314 2977 istros
342 2887 541 2988 ἐτύγχανε,
564 2896 622 2965 καὶ
643 2893 769 2981 ἡδοναῖς
793 2892 943 2968 ἐδεδώκει
961 2901 1053 2991 (a),
1079 2904 1134 2969 vix

604 3007 609 3021 '
1079 3017 1138 3067 ne·

256 3205 372 3291 (1)ld
404 3223 486 3276 certe
521 3211 659 3277 nondum
686 3211 831 3278 accidisse
861 3211 1031 3278 verosimile
1063 3229 1134 3297 est,

212 3306 286 3359 cum
306 3296 393 3363 Plato
410 3297 461 3388 illa
481 3295 646 3377 scriberet,
662 3318 741 3379 quae
757 3303 901 3382 leguntur
926 3303 957 3365 in
974 3302 1132 3384 Menona,

212 3396 248 3460 p·
265 3400 325 3447 21.
348 3384 401 3448 ubi
424 3383 551 3452 miratur
566 3385 710 3450 Socrates
732 3432 759 3466 „
784 3388 944 3467 quodomo
974 3405 1134 3468 potuerint

214 3510 242 3546 „
265 3467 427 3548 Sophistae
443 3473 550 3536 tandiu
572 3473 760 3548 juventutem
781 3489 969 3554 pervenere,
989 3487 1133 3543 ettamen

210 3569 376 3636 „magno
404 3556 467 3622 esse
496 3559 613 3634 honore
644 3560 822 3639 ingentique
840 3562 1014 3625 auditorum
1042 3569 1134 3631 turha

214 3682 243 3719 „
266 3638 410 3720 stipari.'’
459 3644 617 3723 Loquitur
634 3644 677 3706 ihi
702 3646 845 3712 Socrates
862 3663 935 3729 post
953 3653 1134 3735 Protagorae

213 3732 367 3803 mortem,
389 3730 426 3792 de
451 3733 542 3814 cujus
567 3748 676 3813 genere
704 3750 744 3796 ne
769 3735 864 3798 verbo
890 3734 1013 3816 quidem
1030 3742 1134 3806 memi-

213 3811 274 3885 nit.
305 3811 379 3878 vin,
396 3815 580 3898 Protagorae
596 3815 670 3881 vita.

258 3899 315 3984 (a)
332 3902 421 3966 Putet
431 3900 651 3981 braidemus,
662 3901 868 3974 illudendum
880 3911 1057 3980 mittentium
1069 3915 1133 3982 esse
1168 3907 1174 3921 '

58 4067 62 4078 .
112 4079 117 4090 Ι
214 3981 430 4074 lnr'rriririarr,
452 4007 523 4060 cunr
537 3990 672 4074 vulgaris
688 3986 725 4058 fit
735 3992 883 4076 loquendi
892 3992 1023 4066 formula
1033 4006 1119 4068 hired
1127 4027 1135 4045 ι

1054 4109 1055 4115 ’
1090 4108 1136 4154 m
