2934 4725
368 428 963 573 auntucitmar.
1064 456 1135 570 r69

213 726 239 764 ,‚
262 693 363 770 gunt,
386 671 514 747 ridiculi
532 675 625 759 sunt,
649 673 766 745 eodem
787 674 907 765 opinor
922 671 1044 752 modo,
1068 692 1139 765 quo

174 801 184 817 .,
217 816 242 863 „
266 773 378 847 ciuiles
421 775 499 856 viti,
539 770 562 841 st
597 774 631 841 in
665 790 785 840 vestras
820 774 1065 841 exercitationes
1107 790 1141 839 et

215 919 243 963 „
268 866 735 961 disputationes-descendunt.
796 865 915 937 Evenit
946 870 1031 938 eninr
1059 863 1143 937 illud

216 1017 243 1055 „
266 967 451 1059 Euripidis:
493 986 558 1056 qua
583 968 616 1041 in
640 985 674 1035 re
697 965 804 1034 clarus
831 968 971 1057 quisque
998 985 1065 1045 est,
1101 964 1143 1037 ad
1226 994 1232 1001 ·

216 1115 242 1155 ,‚
267 1087 337 1136 earn
364 1082 541 1155 properat,
566 1081 600 1130 et
629 1065 785 1156 majorem
811 1060 874 1132 diei
900 1084 1022 1149 partem
1053 1065 1087 1130 in
1105 1083 1148 1135 ea

146 1212 150 1225 t
218 1213 244 1252 „
269 1162 449 1244 consumit,
481 1178 517 1228 ut
547 1156 671 1250 seipse
699 1158 839 1249 superet.
884 1158 960 1249 lUbi
991 1180 1070 1230 vero
1096 1162 1146 1230 in-

220 1308 245 1349 „
269 1259 369 1330 ferior
390 1257 449 1340 fit,
473 1257 546 1327 inde
563 1255 668 1348 sugit,
690 1254 838 1346 illudque
857 1264 1038 1347 vituperat3
1057 1255 1147 1329 aliud

158 1432 162 1441 ,
221 1404 250 1449 ‚‚
270 1352 563 1433 verocollaudata
585 1356 726 1445 quadam
754 1374 830 1446 erga
855 1352 889 1421 se
917 1356 1021 1444 ipsum
1037 1357 1148 1423 bene·

155 1500 158 1507 -
220 1503 247 1545 „
272 1453 433 1538 volentia,
457 1454 641 1521 existimans
670 1453 701 1525 se
714 1450 823 1540 ipsum
839 1452 882 1518 ita
899 1452 1036 1523 laudare.
1081 1451 1146 1520 Ve,

221 1601 245 1640 „
270 1573 341 1623 rum
367 1567 528 1641 praestare
552 1548 711 1623 arbitror,
750 1548 920 1616 amborum
955 1551 1147 1640 participem

190 1712 192 1721 .
223 1699 247 1735 „
270 1649 358 1743 fierit:
386 1643 560 1736 pulchrum
586 1646 719 1735 quidem
739 1663 806 1710 est.
835 1643 1076 1735 philosophiam
1100 1665 1149 1715 ate

222 1792 249 1835 „
273 1751 418 1837 tingere,
445 1761 603 1832 quatenus
627 1742 666 1811 ad
686 1739 887 1830 disciplinam
908 1747 1066 1830 pertinet,
1091 1764 1149 1811 nea

118 1906 125 1917 .
223 1889 251 1934 „
276 1846 463 1934 que'turpe
490 1859 540 1907 est
562 1838 763 1908 adolescenti
800 1837 1050 1927 philosophandi
1085 1839 1152 1909 stu·-

225 1970 251 2026 ,·,
266 1940 377 2014 ,dirim
428 1934 494 2005 Sed
515 1934 537 2002 fi
562 1934 667 2003 senior
685 1937 777 2025 quis,
801 1954 823 2002 o
844 1956 1015 2018 socrates,
1040 1937 1150 2027 philo!

226 2084 252 2125 „
276 2035 412 2126 sophiae
434 2032 628 2116 adhaeserit,
654 2029 788 2107 ridicula
808 2051 858 2099 res
876 2051 934 2101 est.
982 2033 1152 2124 Equidem

226 2183 253 2220 „
278 2130 421 2205 similiter
452 2142 528 2218 erga
554 2126 630 2196 illos
656 2125 791 2201 affectus
816 2125 905 2213 sutn,
924 2133 986 2221 ,qui
1005 2131 1152 2220 philoso-

182 2240 185 2248 '
225 2278 251 2319 ‚,
276 2231 372 2322 plaiae
406 2245 539 2315 operam
573 2226 668 2325 dant,
710 2244 745 2293 et
770 2244 848 2314 erga
873 2222 1088 2299 balbutientes
1112 2250 1152 2298 ac

226 2378 252 2418 „
276 2327 440 2398 ludentest
465 2325 596 2415 quoties
613 2326 699 2394 enim
719 2323 891 2413 puerulum
910 2326 1025 2414 video,
1051 2348 1151 2419 quern

228 2473 254 2510 ‚,
278 2429 338 2496 iste
356 2420 539 2496 balbutiens
556 2419 762 2512 lusoriusque
777 2420 882 2491 sermo
900 2423 1015 2510 decet,
1040 2425 1153 2495 delec-

230 2572 256 2610 ‚,
281 2543 355 2607 tor,
380 2538 414 2587 et
437 2517 570 2592 liberale
597 2519 676 2590 mihi
702 2519 818 2591 bocer
832 2516 985 2589 >festivum
1003 2524 1152 2608 videtur,

191 2680 192 2684 ,
229 2615 463 2712 „puerilique
508 2617 602 2686 aetati
646 2616 865 2701 couveniens3
908 2621 1037 2709 quoties
1072 2613 1180 2689 vero

231 2719 256 2803 3,
281 2713 596 2809 puerulumuudio,
632 2713 730 2783 uerba
761 2713 912 2783 distincte
936 2721 1155 2804 pronunciari·
1190 2761 1192 2766 ·

115 2849 120 2859 .
231 2865 256 2902 „
282 2835 369 2899 tem,
394 2809 674 2882 molestum'mihi
691 2810 839 2895 videtur,
863 2832 901 2881 ac
918 2813 1031 2884 servile
1048 2815 1157 2907 quoda

231 2960 256 2999 ‚,
281 2914 376 2994 darn,
402 2926 556 2996 measque
571 2927 669 2978 aures·
687 2904 844 2988 offendit3
869 2909 914 2984 sm
934 2912 1038 2978 vitum
1057 2912 1155 2981 audio

231 3055 261 3095 „
282 3006 523 3087 balbutienem,
557 3020 613 3073 aut
644 3002 742 3078 video
765 3000 954 3090 ludentem,
978 3009 1157 3097 perridicu.

234 3157 258 3195 ,ι
282 3104 351 3188 lum
376 3102 442 3184 hoc
468 3098 622 3191 quidun,
646 3100 820 3190 avitoque
850 3100 989 3174 alienum
1021 3126 1059 3175 ac
1086 3104 1157 3195 plaz

231 3256 257 3294 „
283 3206 333 3298 gis
352 3201 486 3293 dignum
515 3217 659 3289 apparet.
709 3196 801 3268 Idem
821 3200 899 3274 nihi
918 3222 992 3292 erga
1009 3202 1158 3294 pbiloso-

233 3352 259 3390 „
285 3301 421 3393 phantes
446 3297 566 3368 evenit.
616 3294 653 3365 ln
672 3294 878 3376 adolescente
899 3302 987 3368 enim
1012 3298 1157 3391 philolo,

170 3416 175 3422 ’
234 3447 259 3489 „
281 3399 391 3490 phium
414 3391 677 3482 deprehendens,
703 3394 812 3481 probo
837 3396 870 3463 id
889 3398 1020 3485 quidem
1040 3419 1072 3467 et
1089 3398 1157 3479 hoc

235 3547 261 3587 „
286 3497 422 3578 decere,
441 3492 672 3594 ⁸juvenemque
698 3492 875 3583 ingenuum
905 3493 969 3560 esse
997 3495 1158 3581 at·bitror;

177 3671 183 3678 ¹
235 3643 262 3682 „
287 3611 361 3661 eum
385 3609 463 3660 veto
489 3588 548 3679 qui
570 3607 636 3656 non
660 3586 935 3679 philosophetur,
968 3590 1160 3668 illiberalem

175 3736 178 3740 ψ
234 3739 259 3778 ,,
286 3708 350 3758 nec
372 3705 527 3777 umquam
560 3683 759 3775 praeclarum
798 3687 931 3780 aliquod
957 3710 999 3758 ac
1022 3704 1163 3782 generos

155 3787 157 3794 ’
238 3834 263 3874 „
287 3786 357 3856 sum
382 3782 424 3851 de
443 3780 479 3858 se
498 3781 570 3872 ipso
589 3786 825 3873 praestitutum.
879 3785 1000 3855 Verum
1019 3788 1041 3860 fi
1058 3810 1162 3880 quan?

236 3931 263 3974 „
287 3883 333 3954 do
358 3875 569 3975 grandiorem
606 3900 680 3948 natu
719 3880 1003 3971 philosophantem
1038 3887 1159 3971 video,

168 4078 174 4087 ι
212 4028 264 4091 4,
286 3975 473 4093 neqaa'edum
502 3974 560 4063 ista
589 3969 695 4146 ¹(ludia¹
721 3977 987 4073 delinquentem,
1021 3984 1162 4146 νειὶιίιξη

236 4125 240 4132 ·
722 4091 744 4186 d
1049 4126 1078 4183 aa
1126 4097 1166 4165 ui
