<?xml version="1.0" encoding="UTF-8"?>
<!DOCTYPE html PUBLIC "-//W3C//DTD XHTML 1.0 Transitional//EN"
    "http://www.w3.org/TR/xhtml1/DTD/xhtml1-transitional.dtd">
<html xmlns="http://www.w3.org/1999/xhtml" xml:lang="en" lang="en">
 <head>
  <title>
</title>
<meta http-equiv="Content-Type" content="text/html;charset=utf-8" />
  <meta name='ocr-system' content='tesseract 3.04.00' />
  <meta name='ocr-capabilities' content='ocr_page ocr_carea ocr_par ocr_line ocrx_word'/>
</head>
<body>
  <div class='ocr_page' id='page_1' title='image "./historiacritica00geelgoog_0091.png"; bbox 0 0 2934 4725; ppageno 0'>
   <div class='ocr_carea' id='block_1_1' title="bbox 83 389 1131 719">
    <p class='ocr_par' dir='ltr' id='par_1_1' title="bbox 83 389 1131 719">
     <span class='ocr_line' id='line_1_1' title="bbox 357 389 1131 529; baseline -0.016 -21"><span class='ocrx_word' id='word_1_1' title='bbox 357 389 989 529; x_wconf 63' lang='lat' dir='ltr'>rutinorrnltn</span> <span class='ocrx_word' id='word_1_2' title='bbox 1078 411 1131 518; x_wconf 71' lang='lat'>771</span> 
     </span>
     <span class='ocr_line' id='line_1_2' title="bbox 83 563 1128 719; baseline -0.012 -18"><span class='ocrx_word' id='word_1_3' title='bbox 83 563 86 576; x_wconf 34' lang='grc' dir='ltr'>Ι</span> <span class='ocrx_word' id='word_1_4' title='bbox 205 613 453 701; x_wconf 84' lang='lat' dir='ltr'>declarabimus.</span> <span class='ocrx_word' id='word_1_5' title='bbox 487 605 641 719; x_wconf 72' lang='lat' dir='ltr'>&#39;Hippias</span> <span class='ocrx_word' id='word_1_6' title='bbox 660 619 754 716; x_wconf 84' lang='lat' dir='ltr'>apud·</span> <span class='ocrx_word' id='word_1_7' title='bbox 768 583 939 695; x_wconf 85' lang='lat' dir='ltr'>Platonem</span> <span class='ocrx_word' id='word_1_8' title='bbox 966 587 1128 710; x_wconf 73' lang='lat' dir='ltr'>(Hippiai</span> 
     </span>
    </p>
   </div>
   <div class='ocr_carea' id='block_1_2' title="bbox 205 713 1266 817">
    <p class='ocr_par' dir='ltr' id='par_1_2' title="bbox 205 713 1266 817">
     <span class='ocr_line' id='line_1_3' title="bbox 205 713 1266 817; baseline -0.004 -20"><span class='ocrx_word' id='word_1_9' title='bbox 205 717 286 815; x_wconf 73' lang='lat' dir='ltr'>Mai.</span> <span class='ocrx_word' id='word_1_10' title='bbox 311 726 371 817; x_wconf 88' lang='lat'>96.</span> <span class='ocrx_word' id='word_1_11' title='bbox 394 724 458 815; x_wconf 89' lang='lat' dir='ltr'>C.)</span> <span class='ocrx_word' id='word_1_12' title='bbox 489 737 612 806; x_wconf 83' lang='lat' dir='ltr'>narrat,</span> <span class='ocrx_word' id='word_1_13' title='bbox 633 725 786 817; x_wconf 84' lang='lat' dir='ltr'>juvenem</span> <span class='ocrx_word' id='word_1_14' title='bbox 812 713 843 792; x_wconf 89' lang='lat' dir='ltr'>se</span> <span class='ocrx_word' id='word_1_15' title='bbox 872 715 1017 790; x_wconf 85' lang='lat' dir='ltr'>Siciliam</span> <span class='ocrx_word' id='word_1_16' title='bbox 1046 720 1129 809; x_wconf 78' lang='lat' dir='ltr'>peti·</span> <span class='ocrx_word' id='word_1_17' title='bbox 1260 795 1266 809; x_wconf 66' lang='grc'><em>,</em></span> 
     </span>
    </p>
   </div>
   <div class='ocr_carea' id='block_1_3' title="bbox 205 820 1128 1110">
    <p class='ocr_par' dir='ltr' id='par_1_3' title="bbox 205 820 1128 1110">
     <span class='ocr_line' id='line_1_4' title="bbox 206 820 1128 914; baseline -0.011 -21"><span class='ocrx_word' id='word_1_18' title='bbox 206 822 393 908; x_wconf 79' lang='lat' dir='ltr'>visse,ubi</span> <span class='ocrx_word' id='word_1_19' title='bbox 419 841 486 892; x_wconf 90' lang='lat' dir='ltr'>tum</span> <span class='ocrx_word' id='word_1_20' title='bbox 514 823 705 914; x_wconf 80' lang='lat' dir='ltr'>Protagoras</span> <span class='ocrx_word' id='word_1_21' title='bbox 731 820 908 901; x_wconf 77' lang='lat' dir='ltr'>habitaret,</span> <span class='ocrx_word' id='word_1_22' title='bbox 946 827 1128 911; x_wconf 80' lang='lat' dir='ltr'>magnaque</span> 
     </span>
     <span class='ocr_line' id='line_1_5' title="bbox 205 907 1128 1013; baseline -0.007 -25"><span class='ocrx_word' id='word_1_23' title='bbox 205 911 311 1013; x_wconf 82' lang='lat' dir='ltr'>gloria</span> <span class='ocrx_word' id='word_1_24' title='bbox 325 911 464 991; x_wconf 82' lang='lat' dir='ltr'>floreret.</span> <span class='ocrx_word' id='word_1_25' title='bbox 489 918 710 1011; x_wconf 75' lang='lat' dir='ltr'>Hippocrates</span> <span class='ocrx_word' id='word_1_26' title='bbox 721 931 828 987; x_wconf 84' lang='lat' dir='ltr'>autem</span> <span class='ocrx_word' id='word_1_27' title='bbox 846 907 1128 1008; x_wconf 63' lang='lat' dir='ltr'>(Prot193sF.)</span> 
     </span>
     <span class='ocr_line' id='line_1_6' title="bbox 207 1015 1127 1110; baseline -0.009 -23"><span class='ocrx_word' id='word_1_28' title='bbox 207 1017 308 1098; x_wconf 89' lang='lat' dir='ltr'>dicit,</span> <span class='ocrx_word' id='word_1_29' title='bbox 351 1017 382 1087; x_wconf 86' lang='lat' dir='ltr'>le</span> <span class='ocrx_word' id='word_1_30' title='bbox 415 1037 520 1109; x_wconf 90' lang='lat' dir='ltr'>puero</span> <span class='ocrx_word' id='word_1_31' title='bbox 560 1015 770 1110; x_wconf 71' lang='lat' dir='ltr'>Protagoram</span> <span class='ocrx_word' id='word_1_32' title='bbox 802 1015 945 1084; x_wconf 82' lang='lat' dir='ltr'>Athenas</span> <span class='ocrx_word' id='word_1_33' title='bbox 984 1016 1127 1107; x_wconf 85' lang='lat' dir='ltr'>primunr</span> 
     </span>
    </p>
   </div>
   <div class='ocr_carea' id='block_1_4' title="bbox 152 1104 1223 1204">
    <p class='ocr_par' dir='ltr' id='par_1_4' title="bbox 152 1104 1223 1204">
     <span class='ocr_line' id='line_1_7' title="bbox 152 1104 1223 1204; baseline -0.012 -16"><span class='ocrx_word' id='word_1_34' title='bbox 152 1179 160 1188; x_wconf 87' lang='lat'><strong>.</strong></span> <span class='ocrx_word' id='word_1_35' title='bbox 207 1112 349 1199; x_wconf 71' lang='lat' dir='ltr'>uenisse,</span> <span class='ocrx_word' id='word_1_36' title='bbox 374 1131 460 1185; x_wconf 91' lang='lat' dir='ltr'>nunc</span> <span class='ocrx_word' id='word_1_37' title='bbox 479 1104 619 1186; x_wconf 78' lang='lat' dir='ltr'>rediisse.</span> <span class='ocrx_word' id='word_1_38' title='bbox 669 1112 742 1183; x_wconf 86' lang='lat' dir='ltr'>Hos</span> <span class='ocrx_word' id='word_1_39' title='bbox 767 1115 866 1204; x_wconf 79' lang='lat' dir='ltr'>igitur·</span> <span class='ocrx_word' id='word_1_40' title='bbox 894 1110 990 1181; x_wconf 82' lang='lat' dir='ltr'>locos</span> <span class='ocrx_word' id='word_1_41' title='bbox 1019 1108 1129 1179; x_wconf 89' lang='lat' dir='ltr'>Plato·</span> <span class='ocrx_word' id='word_1_42' title='bbox 1217 1195 1223 1204; x_wconf 32' lang='grc' dir='ltr'>Ι</span> 
     </span>
    </p>
   </div>
   <div class='ocr_carea' id='block_1_5' title="bbox 154 1205 1131 1694">
    <p class='ocr_par' dir='ltr' id='par_1_5' title="bbox 154 1205 1131 1694">
     <span class='ocr_line' id='line_1_8' title="bbox 208 1205 1130 1304; baseline -0.007 -23"><span class='ocrx_word' id='word_1_43' title='bbox 208 1215 258 1281; x_wconf 85' lang='lat' dir='ltr'>nis</span> <span class='ocrx_word' id='word_1_44' title='bbox 280 1229 440 1283; x_wconf 48' lang='lat' dir='ltr'>¹accurate</span> <span class='ocrx_word' id='word_1_45' title='bbox 478 1205 658 1302; x_wconf 68' lang='lat' dir='ltr'>inspicienti</span> <span class='ocrx_word' id='word_1_46' title='bbox 686 1206 847 1302; x_wconf 83' lang='lat' dir='ltr'>liquebit,</span> <span class='ocrx_word' id='word_1_47' title='bbox 870 1212 1021 1304; x_wconf 84' lang='lat' dir='ltr'>quamvis</span> <span class='ocrx_word' id='word_1_48' title='bbox 1042 1227 1130 1276; x_wconf 87' lang='lat' dir='ltr'>tem·</span> 
     </span>
     <span class='ocr_line' id='line_1_9' title="bbox 204 1302 1131 1402; baseline -0.005 -26"><span class='ocrx_word' id='word_1_49' title='bbox 204 1317 286 1402; x_wconf 80' lang='lat' dir='ltr'>pota</span> <span class='ocrx_word' id='word_1_50' title='bbox 311 1324 378 1379; x_wconf 83' lang='lat' dir='ltr'>nori</span> <span class='ocrx_word' id='word_1_51' title='bbox 408 1308 617 1391; x_wconf 89' lang='lat' dir='ltr'>definiantur,</span> <span class='ocrx_word' id='word_1_52' title='bbox 663 1302 873 1401; x_wconf 73' lang='lat' dir='ltr'>Protagoram</span> <span class='ocrx_word' id='word_1_53' title='bbox 903 1307 1047 1379; x_wconf 75' lang='lat' dir='ltr'>Athenas</span> <span class='ocrx_word' id='word_1_54' title='bbox 1073 1323 1131 1372; x_wconf 76' lang='lat' dir='ltr'>ve·</span> 
     </span>
     <span class='ocr_line' id='line_1_10' title="bbox 204 1403 1130 1499; baseline -0.003 -25"><span class='ocrx_word' id='word_1_55' title='bbox 204 1406 303 1488; x_wconf 84' lang='lat' dir='ltr'>nisse,</span> <span class='ocrx_word' id='word_1_56' title='bbox 328 1407 397 1475; x_wconf 74' lang='lat' dir='ltr'>ium</span> <span class='ocrx_word' id='word_1_57' title='bbox 421 1410 454 1476; x_wconf 93' lang='lat' dir='ltr'>in</span> <span class='ocrx_word' id='word_1_58' title='bbox 479 1404 624 1476; x_wconf 87' lang='lat' dir='ltr'>Siciliam</span> <span class='ocrx_word' id='word_1_59' title='bbox 650 1403 833 1499; x_wconf 84' lang='lat' dir='ltr'>navigasse,</span> <span class='ocrx_word' id='word_1_60' title='bbox 859 1408 891 1475; x_wconf 87' lang='lat' dir='ltr'>in</span> <span class='ocrx_word' id='word_1_61' title='bbox 917 1405 1052 1497; x_wconf 82' lang='lat' dir='ltr'>aliisque</span> <span class='ocrx_word' id='word_1_62' title='bbox 1078 1421 1130 1472; x_wconf 58' lang='grc' dir='ltr'>τε·ι</span> 
     </span>
     <span class='ocr_line' id='line_1_11' title="bbox 154 1501 1130 1596; baseline -0.004 -24"><span class='ocrx_word' id='word_1_63' title='bbox 154 1587 164 1594; x_wconf 38' lang='lat'>‚</span> <span class='ocrx_word' id='word_1_64' title='bbox 203 1504 356 1594; x_wconf 83' lang='lat' dir='ltr'>gionibus</span> <span class='ocrx_word' id='word_1_65' title='bbox 375 1506 615 1596; x_wconf 85' lang='lat' dir='ltr'>peregrinatum</span> <span class='ocrx_word' id='word_1_66' title='bbox 641 1502 728 1572; x_wconf 86' lang='lat' dir='ltr'>esi&#39;e:</span> <span class='ocrx_word' id='word_1_67' title='bbox 762 1502 878 1573; x_wconf 90' lang='lat' dir='ltr'>deinde</span> <span class='ocrx_word' id='word_1_68' title='bbox 909 1501 1052 1572; x_wconf 78' lang='lat' dir='ltr'>Athenas</span> <span class='ocrx_word' id='word_1_69' title='bbox 1079 1517 1130 1568; x_wconf 58' lang='lat' dir='ltr'>ree</span> 
     </span>
     <span class='ocr_line' id='line_1_12' title="bbox 203 1593 1130 1694; baseline 0.002 -28"><span class='ocrx_word' id='word_1_70' title='bbox 203 1593 308 1670; x_wconf 85' lang='lat' dir='ltr'>diisie&#39;.</span> <span class='ocrx_word' id='word_1_71' title='bbox 384 1599 472 1671; x_wconf 85' lang='lat' dir='ltr'>Nam</span> <span class='ocrx_word' id='word_1_72' title='bbox 495 1601 559 1669; x_wconf 91' lang='lat' dir='ltr'>huc</span> <span class='ocrx_word' id='word_1_73' title='bbox 588 1594 668 1668; x_wconf 90' lang='lat' dir='ltr'>nihii</span> <span class='ocrx_word' id='word_1_74' title='bbox 688 1598 787 1687; x_wconf 88' lang='lat' dir='ltr'>facit,</span> <span class='ocrx_word' id='word_1_75' title='bbox 824 1599 916 1694; x_wconf 83' lang='lat' dir='ltr'>quod</span> <span class='ocrx_word' id='word_1_76' title='bbox 942 1600 1130 1670; x_wconf 85' lang='lat' dir='ltr'>Athenaeus</span> 
     </span>
    </p>
   </div>
   <div class='ocr_carea' id='block_1_6' title="bbox 206 1687 1154 1791">
    <p class='ocr_par' dir='ltr' id='par_1_6' title="bbox 206 1687 1154 1791">
     <span class='ocr_line' id='line_1_13' title="bbox 206 1687 1154 1791; baseline -0.003 -24"><span class='ocrx_word' id='word_1_77' title='bbox 206 1687 254 1767; x_wconf 88' lang='lat' dir='ltr'>V.</span> <span class='ocrx_word' id='word_1_78' title='bbox 283 1699 366 1770; x_wconf 72' lang='lat'>218.</span> <span class='ocrx_word' id='word_1_79' title='bbox 399 1698 448 1784; x_wconf 90' lang='lat' dir='ltr'>B,</span> <span class='ocrx_word' id='word_1_80' title='bbox 468 1697 510 1767; x_wconf 87' lang='lat' dir='ltr'>C.</span> <span class='ocrx_word' id='word_1_81' title='bbox 544 1693 713 1767; x_wconf 88' lang='lat' dir='ltr'>Platonem</span> <span class='ocrx_word' id='word_1_82' title='bbox 745 1693 914 1791; x_wconf 82' lang='lat' dir='ltr'>neglectae</span> <span class='ocrx_word' id='word_1_83' title='bbox 944 1697 1154 1787; x_wconf 83' lang='lat' dir='ltr'>temporum&#39;</span> 
     </span>
    </p>
   </div>
   <div class='ocr_carea' id='block_1_7' title="bbox 198 1791 1133 2568">
    <p class='ocr_par' dir='ltr' id='par_1_7' title="bbox 199 1791 1133 2060">
     <span class='ocr_line' id='line_1_14' title="bbox 204 1791 1130 1887; baseline 0.001 -25"><span class='ocrx_word' id='word_1_84' title='bbox 204 1791 574 1876; x_wconf 77' lang='lat' dir='ltr'>rationisacculat‚ctrm</span> <span class='ocrx_word' id='word_1_85' title='bbox 599 1792 821 1887; x_wconf 85' lang='lat' dir='ltr'>Philosophus</span> <span class='ocrx_word' id='word_1_86' title='bbox 845 1794 929 1863; x_wconf 86' lang='lat' dir='ltr'>male</span> <span class='ocrx_word' id='word_1_87' title='bbox 948 1794 1130 1865; x_wconf 81' lang='lat' dir='ltr'>definiverit</span> 
     </span>
     <span class='ocr_line' id='line_1_15' title="bbox 199 1891 1133 1983; baseline 0.002 -26"><span class='ocrx_word' id='word_1_88' title='bbox 199 1891 414 1974; x_wconf 38' lang='lat' dir='ltr'>*occalionem</span> <span class='ocrx_word' id='word_1_89' title='bbox 451 1892 639 1976; x_wconf 83' lang='lat' dir='ltr'>Sermonis,</span> <span class='ocrx_word' id='word_1_90' title='bbox 682 1893 740 1983; x_wconf 87' lang='lat' dir='ltr'>qui</span> <span class='ocrx_word' id='word_1_91' title='bbox 774 1892 911 1962; x_wconf 88' lang='lat' dir='ltr'>habetur</span> <span class='ocrx_word' id='word_1_92' title='bbox 944 1894 978 1961; x_wconf 87' lang='lat' dir='ltr'>in</span> <span class='ocrx_word' id='word_1_93' title='bbox 1010 1892 1133 1962; x_wconf 79' lang='lat' dir='ltr'>Prota·</span> 
     </span>
     <span class='ocr_line' id='line_1_16' title="bbox 207 2001 297 2060; baseline 0.044 -4"><span class='ocrx_word' id='word_1_94' title='bbox 207 2001 297 2060; x_wconf 75' lang='lat' dir='ltr'>rora.</span> 
     </span>
    </p>

    <p class='ocr_par' dir='ltr' id='par_1_8' title="bbox 198 2041 1132 2568">
     <span class='ocr_line' id='line_1_17' title="bbox 201 2041 1132 2177; baseline 0.002 -25"><span class='ocrx_word' id='word_1_95' title='bbox 201 2041 223 2082; x_wconf 57' lang='grc' dir='ltr'>ὸ</span> <span class='ocrx_word' id='word_1_96' title='bbox 255 2082 294 2154; x_wconf 88' lang='lat' dir='ltr'>ln</span> <span class='ocrx_word' id='word_1_97' title='bbox 324 2081 386 2152; x_wconf 81' lang='lat' dir='ltr'>hac</span> <span class='ocrx_word' id='word_1_98' title='bbox 410 2095 517 2152; x_wconf 86' lang='lat' dir='ltr'>autem</span> <span class='ocrx_word' id='word_1_99' title='bbox 543 2075 800 2177; x_wconf 82' lang='lat' dir='ltr'>peregtinatione</span> <span class='ocrx_word' id='word_1_100' title='bbox 836 2080 953 2153; x_wconf 83' lang='lat' dir='ltr'>multus</span> <span class='ocrx_word' id='word_1_101' title='bbox 990 2081 1132 2175; x_wconf 61' lang='lat' dir='ltr'>amplae</span> 
     </span>
     <span class='ocr_line' id='line_1_18' title="bbox 206 2173 1130 2275; baseline 0.002 -26"><span class='ocrx_word' id='word_1_102' title='bbox 206 2202 272 2275; x_wconf 85' lang='lat' dir='ltr'>que</span> <span class='ocrx_word' id='word_1_103' title='bbox 298 2180 397 2268; x_wconf 77' lang='lat' dir='ltr'>urbes</span> <span class='ocrx_word' id='word_1_104' title='bbox 410 2173 530 2251; x_wconf 67' lang='lat' dir='ltr'>&#39;adibat</span> <span class='ocrx_word' id='word_1_105' title='bbox 550 2178 756 2272; x_wconf 80' lang='lat' dir='ltr'>Protagoras.</span> <span class='ocrx_word' id='word_1_106' title='bbox 806 2177 892 2250; x_wconf 83' lang='lat' dir='ltr'>Etii</span> <span class='ocrx_word' id='word_1_107' title='bbox 920 2197 1032 2249; x_wconf 85' lang='lat' dir='ltr'>verum</span> <span class='ocrx_word' id='word_1_108' title='bbox 1059 2202 1130 2270; x_wconf 85' lang='lat' dir='ltr'>est,</span> 
     </span>
     <span class='ocr_line' id='line_1_19' title="bbox 198 2274 1131 2375; baseline 0.003 -28"><span class='ocrx_word' id='word_1_109' title='bbox 198 2277 298 2373; x_wconf 88' lang='lat' dir='ltr'>&#39;quod</span> <span class='ocrx_word' id='word_1_110' title='bbox 333 2277 426 2375; x_wconf 77' lang='lat' dir='ltr'>tradit</span> <span class='ocrx_word' id='word_1_111' title='bbox 463 2276 565 2371; x_wconf 81' lang='lat' dir='ltr'>Diog.</span> <span class='ocrx_word' id='word_1_112' title='bbox 593 2275 633 2346; x_wconf 89' lang='lat' dir='ltr'>L.</span> <span class='ocrx_word' id='word_1_113' title='bbox 660 2274 722 2346; x_wconf 89' lang='lat' dir='ltr'>1X.</span> <span class='ocrx_word' id='word_1_114' title='bbox 748 2288 807 2369; x_wconf 70' lang='lat'>50.</span> <span class='ocrx_word' id='word_1_115' title='bbox 849 2275 911 2369; x_wconf 89' lang='lat' dir='ltr'>(ex</span> <span class='ocrx_word' id='word_1_116' title='bbox 948 2274 1131 2350; x_wconf 84' lang='lat' dir='ltr'>Heraclidis</span> 
     </span>
     <span class='ocr_line' id='line_1_20' title="bbox 200 2370 1132 2472; baseline 0.003 -25"><span class='ocrx_word' id='word_1_117' title='bbox 200 2374 332 2447; x_wconf 85' lang='lat' dir='ltr'>Pontici</span> <span class='ocrx_word' id='word_1_118' title='bbox 362 2374 454 2448; x_wconf 86' lang='lat' dir='ltr'>libris</span> <span class='ocrx_word' id='word_1_119' title='bbox 485 2376 563 2470; x_wconf 76' lang='lat' dir='ltr'>arpi</span> <span class='ocrx_word' id='word_1_120' title='bbox 593 2372 720 2467; x_wconf 70' lang='grc' dir='ltr'>νέμων)</span> <span class='ocrx_word' id='word_1_121' title='bbox 760 2394 835 2445; x_wconf 91' lang='lat' dir='ltr'>eum</span> <span class='ocrx_word' id='word_1_122' title='bbox 873 2370 1008 2447; x_wconf 80' lang='lat' dir='ltr'>Thuriis</span> <span class='ocrx_word' id='word_1_123' title='bbox 1036 2377 1132 2472; x_wconf 72' lang='lat' dir='ltr'>leges·</span> 
     </span>
     <span class='ocr_line' id='line_1_21' title="bbox 205 2465 1129 2568; baseline 0.005 -26"><span class='ocrx_word' id='word_1_124' title='bbox 205 2465 450 2564; x_wconf 81' lang='lat' dir='ltr'>conscripilsse,</span> <span class='ocrx_word' id='word_1_125' title='bbox 477 2472 685 2544; x_wconf 71' lang='lat' dir='ltr'>conlimiat‘ur</span> <span class='ocrx_word' id='word_1_126' title='bbox 708 2492 817 2545; x_wconf 88' lang='lat' dir='ltr'>nostra</span> <span class='ocrx_word' id='word_1_127' title='bbox 843 2477 974 2568; x_wconf 85' lang='lat' dir='ltr'>opinio,</span> <span class='ocrx_word' id='word_1_128' title='bbox 1001 2479 1129 2555; x_wconf 88' lang='lat' dir='ltr'>eumin</span> 
     </span>
    </p>
   </div>
   <div class='ocr_carea' id='block_1_8' title="bbox 78 2558 1139 2663">
    <p class='ocr_par' dir='ltr' id='par_1_9' title="bbox 78 2558 1139 2663">
     <span class='ocr_line' id='line_1_22' title="bbox 78 2558 1139 2663; baseline 0.006 -24"><span class='ocrx_word' id='word_1_129' title='bbox 78 2657 81 2663; x_wconf 21' lang='lat'><em>¹</em></span> <span class='ocrx_word' id='word_1_130' title='bbox 131 2600 134 2607; x_wconf 56' lang='grc'><em>’</em></span> <span class='ocrx_word' id='word_1_131' title='bbox 204 2586 320 2663; x_wconf 84' lang='lat' dir='ltr'>magna</span> <span class='ocrx_word' id='word_1_132' title='bbox 348 2569 485 2642; x_wconf 85' lang='lat' dir='ltr'>Graecia</span> <span class='ocrx_word' id='word_1_133' title='bbox 510 2569 778 2651; x_wconf 83' lang='lat' dir='ltr'>cumElearicis</span> <span class='ocrx_word' id='word_1_134' title='bbox 809 2566 1013 2663; x_wconf 87' lang='lat' dir='ltr'>philosophis</span> <span class='ocrx_word' id='word_1_135' title='bbox 1032 2558 1139 2645; x_wconf 77' lang='lat' dir='ltr'>luisse</span> 
     </span>
    </p>
   </div>
   <div class='ocr_carea' id='block_1_9' title="bbox 98 2667 1129 3346">
    <p class='ocr_par' dir='ltr' id='par_1_10' title="bbox 98 2667 1129 3346">
     <span class='ocr_line' id='line_1_23' title="bbox 205 2667 1129 2766; baseline 0.004 -29"><span class='ocrx_word' id='word_1_136' title='bbox 205 2668 405 2752; x_wconf 68' lang='lat' dir='ltr'>versatrnna‘</span> <span class='ocrx_word' id='word_1_137' title='bbox 423 2689 618 2764; x_wconf 88' lang='lat' dir='ltr'>quamquam</span> <span class='ocrx_word' id='word_1_138' title='bbox 646 2669 753 2747; x_wconf 58' lang='lat' dir='ltr'>nobis,</span> <span class='ocrx_word' id='word_1_139' title='bbox 776 2667 909 2765; x_wconf 87' lang='lat' dir='ltr'>quidem</span> <span class='ocrx_word' id='word_1_140' title='bbox 928 2670 1009 2742; x_wconf 89' lang='lat' dir='ltr'>illud</span> <span class='ocrx_word' id='word_1_141' title='bbox 1029 2671 1129 2766; x_wconf 86' lang='lat' dir='ltr'>legis·</span> 
     </span>
     <span class='ocr_line' id='line_1_24' title="bbox 131 2756 1124 2858; baseline 0.007 -24"><span class='ocrx_word' id='word_1_142' title='bbox 131 2812 136 2819; x_wconf 82' lang='lat'><strong>·</strong></span> <span class='ocrx_word' id='word_1_143' title='bbox 204 2756 333 2837; x_wconf 85' lang='lat' dir='ltr'>lationis</span> <span class='ocrx_word' id='word_1_144' title='bbox 357 2770 526 2858; x_wconf 85' lang='lat' dir='ltr'>negotium</span> <span class='ocrx_word' id='word_1_145' title='bbox 551 2788 569 2838; x_wconf 92' lang='lat' dir='ltr'>e</span> <span class='ocrx_word' id='word_1_146' title='bbox 599 2764 692 2853; x_wconf 82' lang='lat' dir='ltr'>rullo</span> <span class='ocrx_word' id='word_1_147' title='bbox 712 2756 779 2836; x_wconf 89' lang='lat' dir='ltr'>alio</span> <span class='ocrx_word' id='word_1_148' title='bbox 808 2781 942 2837; x_wconf 85' lang='lat' dir='ltr'>auctore</span> <span class='ocrx_word' id='word_1_149' title='bbox 965 2772 1124 2855; x_wconf 84' lang='lat' dir='ltr'>innotuit,</span> 
     </span>
     <span class='ocr_line' id='line_1_25' title="bbox 208 2860 1127 2957; baseline 0.005 -26"><span class='ocrx_word' id='word_1_150' title='bbox 208 2864 314 2933; x_wconf 84' lang='lat' dir='ltr'>etad</span> <span class='ocrx_word' id='word_1_151' title='bbox 339 2863 549 2935; x_wconf 85' lang='lat' dir='ltr'>dubitandum</span> <span class='ocrx_word' id='word_1_152' title='bbox 579 2864 791 2944; x_wconf 81' lang='lat' dir='ltr'>inducimur,</span> <span class='ocrx_word' id='word_1_153' title='bbox 836 2883 912 2955; x_wconf 87' lang='lat' dir='ltr'>cunt</span> <span class='ocrx_word' id='word_1_154' title='bbox 944 2878 1056 2957; x_wconf 79' lang='lat' dir='ltr'>agatur</span> <span class='ocrx_word' id='word_1_155' title='bbox 1082 2860 1127 2936; x_wconf 79' lang='lat' dir='ltr'>de</span> 
     </span>
     <span class='ocr_line' id='line_1_26' title="bbox 98 2950 1126 3052; baseline 0.003 -23"><span class='ocrx_word' id='word_1_156' title='bbox 98 3024 101 3029; x_wconf 80' lang='grc'><strong><em>,</em></strong></span> <span class='ocrx_word' id='word_1_157' title='bbox 205 2960 298 3042; x_wconf 85' lang='lat' dir='ltr'>viro,</span> <span class='ocrx_word' id='word_1_158' title='bbox 321 2950 509 3052; x_wconf 67' lang='lat' dir='ltr'>&#39;politicam</span> <span class='ocrx_word' id='word_1_159' title='bbox 544 2961 676 3051; x_wconf 89' lang='lat' dir='ltr'>quidem</span> <span class='ocrx_word' id='word_1_160' title='bbox 717 2955 919 3048; x_wconf 84' lang='lat' dir='ltr'>prudentiam</span> <span class='ocrx_word' id='word_1_161' title='bbox 958 2962 1126 3052; x_wconf 79' lang='lat' dir='ltr'>discipulis·</span> 
     </span>
     <span class='ocr_line' id='line_1_27' title="bbox 204 3052 1126 3150; baseline 0.008 -25"><span class='ocrx_word' id='word_1_162' title='bbox 204 3052 354 3150; x_wconf 81' lang='lat' dir='ltr'>privatim</span> <span class='ocrx_word' id='word_1_163' title='bbox 380 3057 544 3144; x_wconf 84' lang='lat' dir='ltr'>tradente,</span> <span class='ocrx_word' id='word_1_164' title='bbox 569 3054 627 3149; x_wconf 89' lang='lat' dir='ltr'>qui</span> <span class='ocrx_word' id='word_1_165' title='bbox 653 3066 760 3127; x_wconf 87' lang='lat' dir='ltr'>tamen</span> <span class='ocrx_word' id='word_1_166' title='bbox 785 3069 948 3129; x_wconf 86' lang='lat' dir='ltr'>caeterum</span> <span class='ocrx_word' id='word_1_167' title='bbox 966 3060 1007 3128; x_wconf 90' lang='lat' dir='ltr'>ab</span> <span class='ocrx_word' id='word_1_168' title='bbox 1034 3052 1126 3133; x_wconf 83' lang='lat' dir='ltr'>omni</span> 
     </span>
     <span class='ocr_line' id='line_1_28' title="bbox 203 3150 1121 3249; baseline 0.005 -24"><span class='ocrx_word' id='word_1_169' title='bbox 203 3157 286 3246; x_wconf 87' lang='lat' dir='ltr'>reip.</span> <span class='ocrx_word' id='word_1_170' title='bbox 338 3154 495 3249; x_wconf 85' lang='lat' dir='ltr'>gerendae</span> <span class='ocrx_word' id='word_1_171' title='bbox 546 3150 679 3227; x_wconf 77' lang='lat' dir='ltr'>munere</span> <span class='ocrx_word' id='word_1_172' title='bbox 728 3152 916 3224; x_wconf 84' lang='lat' dir='ltr'>abstinuisse</span> <span class='ocrx_word' id='word_1_173' title='bbox 963 3154 1121 3230; x_wconf 80' lang='lat' dir='ltr'>videatur.</span> 
     </span>
     <span class='ocr_line' id='line_1_29' title="bbox 105 3244 1126 3346; baseline 0.008 -27"><span class='ocrx_word' id='word_1_174' title='bbox 105 3310 111 3319; x_wconf 91' lang='lat'><strong>.</strong></span> <span class='ocrx_word' id='word_1_175' title='bbox 184 3244 360 3323; x_wconf 82' lang='lat' dir='ltr'>·Ftreritne</span> <span class='ocrx_word' id='word_1_176' title='bbox 390 3252 476 3322; x_wconf 86' lang='lat' dir='ltr'>forte</span> <span class='ocrx_word' id='word_1_177' title='bbox 498 3251 565 3341; x_wconf 86' lang='lat' dir='ltr'>jam</span> <span class='ocrx_word' id='word_1_178' title='bbox 587 3253 764 3346; x_wconf 82' lang='lat' dir='ltr'>antiquitus</span> <span class='ocrx_word' id='word_1_179' title='bbox 791 3248 975 3323; x_wconf 82' lang='lat' dir='ltr'>Heraclidis·</span> <span class='ocrx_word' id='word_1_180' title='bbox 994 3251 1126 3327; x_wconf 89' lang='lat' dir='ltr'>Pontici</span> 
     </span>
    </p>
   </div>
   <div class='ocr_carea' id='block_1_10' title="bbox 22 3344 1128 3561">
    <p class='ocr_par' dir='ltr' id='par_1_11' title="bbox 22 3344 1128 3561">
     <span class='ocr_line' id='line_1_30' title="bbox 22 3344 1125 3442; baseline 0.006 -25"><span class='ocrx_word' id='word_1_181' title='bbox 22 3370 23 3387; x_wconf 58' lang='lat'>¹</span> <span class='ocrx_word' id='word_1_182' title='bbox 111 3374 114 3387; x_wconf 57' lang='lat'><strong><em>⁴</em></strong></span> <span class='ocrx_word' id='word_1_183' title='bbox 204 3346 300 3420; x_wconf 86' lang='lat' dir='ltr'>locus</span> <span class='ocrx_word' id='word_1_184' title='bbox 334 3370 529 3441; x_wconf 85' lang='lat' dir='ltr'>corruptus,</span> <span class='ocrx_word' id='word_1_185' title='bbox 569 3368 625 3423; x_wconf 88' lang='lat' dir='ltr'>aut</span> <span class='ocrx_word' id='word_1_186' title='bbox 653 3372 671 3421; x_wconf 88' lang='lat' dir='ltr'>a</span> <span class='ocrx_word' id='word_1_187' title='bbox 698 3346 854 3442; x_wconf 86' lang='lat' dir='ltr'>Diogene</span> <span class='ocrx_word' id='word_1_188' title='bbox 882 3351 965 3420; x_wconf 83' lang='lat' dir='ltr'>male</span> <span class='ocrx_word' id='word_1_189' title='bbox 996 3344 1125 3424; x_wconf 71' lang='lat' dir='ltr'>lectus?</span> 
     </span>
     <span class='ocr_line' id='line_1_31' title="bbox 23 3444 1128 3561; baseline 0.01 -47"><span class='ocrx_word' id='word_1_190' title='bbox 23 3518 25 3561; x_wconf 39' lang='lat' dir='ltr'>i</span> <span class='ocrx_word' id='word_1_191' title='bbox 137 3468 139 3473; x_wconf 92' lang='lat'>·</span> <span class='ocrx_word' id='word_1_192' title='bbox 203 3444 237 3515; x_wconf 92' lang='lat' dir='ltr'>ln</span> <span class='ocrx_word' id='word_1_193' title='bbox 262 3468 331 3538; x_wconf 87' lang='lat' dir='ltr'>quo</span> <span class='ocrx_word' id='word_1_194' title='bbox 347 3470 410 3539; x_wconf 89' lang='lat' dir='ltr'>pto</span> <span class='ocrx_word' id='word_1_195' title='bbox 436 3445 633 3539; x_wconf 83' lang='lat' dir='ltr'>Protagorae</span> <span class='ocrx_word' id='word_1_196' title='bbox 658 3448 791 3517; x_wconf 89' lang='lat' dir='ltr'>nomine</span> <span class='ocrx_word' id='word_1_197' title='bbox 814 3446 895 3518; x_wconf 91' lang='lat' dir='ltr'>illud</span> <span class='ocrx_word' id='word_1_198' title='bbox 920 3446 1128 3543; x_wconf 74' lang='lat' dir='ltr'>Pythagorae</span> 
     </span>
    </p>
   </div>
   <div class='ocr_carea' id='block_1_11' title="bbox 109 3542 1123 4103">
    <p class='ocr_par' dir='ltr' id='par_1_12' title="bbox 109 3542 1123 4103">
     <span class='ocr_line' id='line_1_32' title="bbox 203 3542 1123 3637; baseline 0.007 -22"><span class='ocrx_word' id='word_1_199' title='bbox 203 3542 317 3615; x_wconf 87' lang='lat' dir='ltr'>fuisset</span> <span class='ocrx_word' id='word_1_200' title='bbox 332 3564 386 3614; x_wconf 86' lang='lat' dir='ltr'>aut</span> <span class='ocrx_word' id='word_1_201' title='bbox 404 3545 608 3615; x_wconf 84' lang='lat' dir='ltr'>scribendum</span> <span class='ocrx_word' id='word_1_202' title='bbox 627 3564 683 3615; x_wconf 86' lang='lat' dir='ltr'>aut</span> <span class='ocrx_word' id='word_1_203' title='bbox 698 3542 887 3637; x_wconf 88' lang='lat' dir='ltr'>legendum.</span> <span class='ocrx_word' id='word_1_204' title='bbox 932 3542 997 3618; x_wconf 87' lang='lat' dir='ltr'>Hic</span> <span class='ocrx_word' id='word_1_205' title='bbox 1014 3562 1123 3621; x_wconf 80' lang='lat' dir='ltr'>autem</span> 
     </span>
     <span class='ocr_line' id='line_1_33' title="bbox 109 3634 1122 3736; baseline 0.008 -27"><span class='ocrx_word' id='word_1_206' title='bbox 109 3674 114 3689; x_wconf 43' lang='lat' dir='ltr'>a</span> <span class='ocrx_word' id='word_1_207' title='bbox 202 3658 405 3734; x_wconf 84' lang='lat' dir='ltr'>quantopere</span> <span class='ocrx_word' id='word_1_208' title='bbox 436 3640 576 3712; x_wconf 87' lang='lat' dir='ltr'>ferendis</span> <span class='ocrx_word' id='word_1_209' title='bbox 599 3640 727 3736; x_wconf 86' lang='lat' dir='ltr'>legibus</span> <span class='ocrx_word' id='word_1_210' title='bbox 751 3634 976 3731; x_wconf 67' lang='lat' dir='ltr'>complonhu‘s</span> <span class='ocrx_word' id='word_1_211' title='bbox 1012 3642 1122 3718; x_wconf 85' lang='lat' dir='ltr'>Italiae</span> 
     </span>
     <span class='ocr_line' id='line_1_34' title="bbox 201 3737 1121 3837; baseline 0.007 -29"><span class='ocrx_word' id='word_1_212' title='bbox 201 3740 339 3809; x_wconf 83' lang='lat' dir='ltr'>urbtbtis</span> <span class='ocrx_word' id='word_1_213' title='bbox 364 3737 544 3837; x_wconf 84' lang='lat' dir='ltr'>profuerit,</span> <span class='ocrx_word' id='word_1_214' title='bbox 568 3759 685 3808; x_wconf 86' lang='lat' dir='ltr'>notum</span> <span class='ocrx_word' id='word_1_215' title='bbox 702 3758 769 3807; x_wconf 88' lang='lat' dir='ltr'>est:</span> <span class='ocrx_word' id='word_1_216' title='bbox 793 3738 938 3809; x_wconf 86' lang='lat' dir='ltr'>videatur</span> <span class='ocrx_word' id='word_1_217' title='bbox 951 3762 1029 3832; x_wconf 88' lang='lat' dir='ltr'>prae</span> <span class='ocrx_word' id='word_1_218' title='bbox 1046 3758 1121 3814; x_wconf 81' lang='lat' dir='ltr'>cue·</span> 
     </span>
     <span class='ocr_line' id='line_1_35' title="bbox 201 3830 1119 3931; baseline 0.008 -24"><span class='ocrx_word' id='word_1_219' title='bbox 201 3837 278 3907; x_wconf 87' lang='lat' dir='ltr'>teris</span> <span class='ocrx_word' id='word_1_220' title='bbox 295 3834 400 3931; x_wconf 87' lang='lat' dir='ltr'>Diog.</span> <span class='ocrx_word' id='word_1_221' title='bbox 426 3835 467 3908; x_wconf 91' lang='lat' dir='ltr'>L.</span> <span class='ocrx_word' id='word_1_222' title='bbox 494 3830 590 3907; x_wconf 80' lang='lat' dir='ltr'>vill.</span> <span class='ocrx_word' id='word_1_223' title='bbox 616 3852 648 3930; x_wconf 77' lang='lat'>3.</span> <span class='ocrx_word' id='word_1_224' title='bbox 672 3852 705 3905; x_wconf 89' lang='lat' dir='ltr'>et</span> <span class='ocrx_word' id='word_1_225' title='bbox 727 3834 901 3928; x_wconf 82' lang='lat' dir='ltr'>Menagius</span> <span class='ocrx_word' id='word_1_226' title='bbox 918 3837 958 3907; x_wconf 92' lang='lat' dir='ltr'>ad</span> <span class='ocrx_word' id='word_1_227' title='bbox 974 3830 1119 3931; x_wconf 80' lang='lat' dir='ltr'>ejusdem</span> 
     </span>
     <span class='ocr_line' id='line_1_36' title="bbox 196 3926 1118 4037; baseline 0.002 -32"><span class='ocrx_word' id='word_1_228' title='bbox 196 3926 278 4037; x_wconf 83' lang='lat' dir='ltr'>libri</span> <span class='ocrx_word' id='word_1_229' title='bbox 303 3932 336 4028; x_wconf 66' lang='lat' dir='ltr'>§L</span> <span class='ocrx_word' id='word_1_230' title='bbox 375 3934 430 4007; x_wconf 87' lang='lat'>16.</span> <span class='ocrx_word' id='word_1_231' title='bbox 472 3933 646 4007; x_wconf 83' lang='lat' dir='ltr'>Caeterum</span> <span class='ocrx_word' id='word_1_232' title='bbox 675 3932 770 4027; x_wconf 83' lang='lat' dir='ltr'>htrjtts</span> <span class='ocrx_word' id='word_1_233' title='bbox 798 3933 904 4027; x_wconf 84' lang='lat' dir='ltr'>lapsus</span> <span class='ocrx_word' id='word_1_234' title='bbox 929 3937 1118 4032; x_wconf 81' lang='lat' dir='ltr'>exemplum</span> 
     </span>
     <span class='ocr_line' id='line_1_37' title="bbox 193 4049 1123 4103; baseline 0.006 -6"><span class='ocrx_word' id='word_1_235' title='bbox 193 4054 200 4068; x_wconf 63' lang='lat'>³</span> <span class='ocrx_word' id='word_1_236' title='bbox 1073 4049 1123 4103; x_wconf 71' lang='grc' dir='ltr'>θδΙ</span> 
     </span>
    </p>
   </div>
   <div class='ocr_carea' id='block_1_12' title="bbox 1233 2181 1301 2246">
    <p class='ocr_par' dir='ltr' id='par_1_13' title="bbox 1233 2181 1301 2246">
     <span class='ocr_line' id='line_1_38' title="bbox 1233 2181 1301 2246; baseline 0 0"><span class='ocrx_word' id='word_1_237' title='bbox 1233 2181 1253 2224; x_wconf 45' lang='grc' dir='ltr'>χ</span> <span class='ocrx_word' id='word_1_238' title='bbox 1295 2237 1301 2246; x_wconf 48' lang='lat' dir='ltr'>a</span> 
     </span>
    </p>
   </div>
   <div class='ocr_carea' id='block_1_13' title="bbox 0 0 1472 4725">
    <p class='ocr_par' dir='ltr' id='par_1_14' title="bbox 0 0 1472 4725">
     <span class='ocr_line' id='line_1_39' title="bbox 0 0 1472 4725; baseline 0 0"><span class='ocrx_word' id='word_1_239' title='bbox 0 0 1472 4725; x_wconf 95' lang='lat' dir='ltr'> </span> 
     </span>
    </p>
   </div>
  </div>
 </body>
</html>
