2934 4725
358 434 426 517 ιρι
532 402 695 480 acra
743 394 1142 488 soctarnrrs‘

356 626 394 674 ut
422 603 569 682 videtur,
601 621 694 672 natus
721 598 883 673 ininsula
912 599 1012 689 Ceo,
1036 606 1173 700 ejusque
1197 609 1278 681 urbe

351 699 462 795 Julide
483 708 562 787 (ιζ.
597 698 679 793 Quo
699 720 848 791 tempore
873 701 934 770 hac
962 701 1063 772 insula
1089 707 1218 791 relicta,
1236 708 1276 787 ‚se

356 802 390 868 in
408 798 545 893 alicujus
558 796 749 890 philosophi
766 800 966 888 disciplinam
986 803 1166 884 tradiderit,
1193 805 1278 875 diffi-

355 896 422 967 cile
453 897 490 967 fit
523 897 562 964 ad
598 893 859 985 conjectandum.
906 898 952 965 At
990 895 1054 967 five
1082 897 1280 992 Protagorae

356 994 530 1066 Graeciam
557 997 753 1085 peragrantis
776 992 860 1062 lama
885 995 1013 1080 audita,
1037 997 1076 1065 ad
1101 1018 1177 1066 eom
1202 1022 1282 1088 pro·

355 1091 463 1163 sectos
480 1094 538 1177 fit,
564 1089 724 1160 fiveforte
741 1091 844 1180 ipsam
865 1089 1073 1185 Protagoram
1084 1099 1277 1189 ,aliqnando

276 1190 282 1203 ’
354 1193 388 1260 in
416 1190 490 1261 Ceo
523 1184 622 1259 i'nlitla
649 1199 907 1269 commoratum,
957 1191 1083 1277 juvenis
1119 1190 1278 1266 Prodicus

356 1287 485 1358 secutus
507 1287 566 1371 fit,
609 1300 683 1356 eum
715 1284 912 1375 Protagorae
946 1284 1043 1355 fuisse
1079 1289 1277 1380 discipulum

333 1400 336 1405 '
358 1387 454 1456 tradit
478 1386 611 1464 Surdas,
638 1385 670 1452 in
695 1378 867 1476 Πρόδικος.
903 1380 987 1454 Nam
1015 1405 1100 1476 quae
1126 1386 1278 1460 Socrates
1348 1446 1350 1450 .

355 1485 445 1574 apud
483 1478 649 1553 Platonem
686 1486 816 1572 tlr'ipp.
853 1481 936 1573 Mai.
975 1484 1032 1571 96.
1068 1482 1132 1574 B)
1176 1485 1275 1555 dicit:

356 1631 383 1668 ‚,
406 1585 529 1653 amicos
554 1600 665 1649 noster
685 1576 867 1662 Prodicus,
891 1601 925 1649 et
952 1578 1044 1670 saepe
1064 1580 1141 1652 alias
1164 1582 1278 1673 publi·

354 1727 384 1766 ‚‚
409 1683 458 1751 cis
492 1677 681 1760 muneribus
709 1678 840 1761 litnctas
865 1700 935 1761 est,
961 1698 994 1747 et
1018 1698 1179 1770 nupcrex
1200 1679 1275 1751 Ceo

354 1825 382 1867 „
405 1774 506 1849 insula
534 1774 667 1865 publice
685 1777 835 1860 veniens,
862 1798 938 1847 com
957 1779 990 1846 in
1011 1777 1150 1848 consrlio
1174 1780 1275 1851 verba

352 1925 383 1962 „
407 1874 553 1955 lecisset,
580 1873 784 1963 summopere
801 1870 958 1966 probatos
975 1895 1046 1958 est,
1069 1895 1104 1946 et
1128 1878 1277 1968 privatim

355 2023 381 2063 ‚‚
409 1975 454 2043 lui
473 1972 611 2064 speciem
621 1971 800 2064 praebens,
823 1974 1204 2066 juvenesqueerndiens‚
1228 1978 1278 2045 itt·

356 2091 556 2162 „numeras
582 2073 743 2162 pecunias¹
765 2070 907 2142 luctatus
933 2068 1035 2152 est‚''
1075 2071 1156 2143 haec
1183 2075 1281 2164 igitur

355 2173 398 2242 de
416 2174 520 2262 prima
529 2167 602 2258 ejus·
617 2189 656 2237 er
674 2168 773 2237 insula
790 2168 998 2257 profectione
1011 2170 1202 2260 accipienda
1212 2170 1279 2240 esse

352 2269 517 2338 ridentur.
544 2266 768 2341 (intulerim,
791 2285 828 2331 ut
843 2286 885 2333 ert
898 2268 962 2333 hoc
979 2263 1059 2331 loco
1077 2284 1185 2355 patet,
1214 2264 1278 2335 So·

356 2358 514 2458 praticae
533 2362 724 2451 supellectili
742 2357 931 2457 instructos,
956 2373 1057 2454 qoam
1079 2365 1212 2454 quidem
1240 2365 1280 2435 li·

251 2469 254 2486 ’
356 2466 391 2533 bi
426 2468 457 2532 in
486 2464 545 2532 hac
570 2457 671 2529 insula
696 2481 806 2549 parare
834 2462 890 2531 virt
922 2458 1099 2552 potuisset,
1133 2462 1278 2532 Athenas

352 2563 520 2632 veniebat:
544 2578 612 2626 tum
629 2557 709 2628 illud
729 2572 868 2652 nupera
886 2531 1181 2649 iocratensurpari
1208 2582 1277 2632 non

353 2659 529 2753 potuissit,
555 2655 577 2726 st
605 2676 673 2724 tom
696 2656 829 2730 demum
849 2657 1006 2727 Prodicus
1033 2676 1109 2734 enm
1139 2656 1275 2736 Socrate

351 2757 598 2829 familiaritatem
616 2755 847 2836 contraxisset,
872 2777 976 2848 aquo
1001 2773 1107 2823 tamen
1124 2754 1201 2824 alibi
1215 2756 1277 2846 ip·
1314 2764 1316 2768 '

352 2858 387 2929 se
415 2855 565 2924 Socrates
592 2850 624 2919 se
651 2850 799 2922 didicisse
823 2852 1005 2946 profiteturt
1033 2848 1149 2945 (Plato
1181 2850 1278 2925 ntea.

352 2978 388 3049 p.
412 2973 468 3043 og.
491 2949 521 3018 (Γ
526 3001 533 3016 .
551 2948 641 3019 Crat.
665 2970 747 3058 257.
771 2950 813 3021 E.

402 3050 506 3143 Quo-i
531 3047 635 3117 srftrit
650 3045 808 3119 Prodicus
830 3069 850 3115 e
868 3044 1064 3139 Protagorae
1085 3046 1274 3138 discipulis,
1378 3075 1381 3082 ·

350 3153 418 3246 jam
441 3146 517 3215 rode
533 3143 676 3232 sequitur
698 3165 776 3214 eum
790 3138 793 3146 “
809 3143 948 3212 multum
976 3145 1073 3218 lirisle
1100 3149 1275 3237 perigrina-

351 3269 442 3326 tum,
455 3242 693 3331 Graeciamque
709 3242 836 3311 obiisse.
863 3240 898 3310 In
918 3241 1057 3314 Boeotia
1080 3245 1173 3314 illum
1189 3242 1278 3332 doc·
1372 3295 1391 3330 „-

344 3351 465 3419 trinam
495 3347 581 3412 luam
613 3339 823 3431 explicuisse,
857 3340 996 3426 colligas
1027 3363 1047 3410 e
1082 3334 1274 3412 Philostrato

351 3445 378 3515 l.
402 3444 423 3515 1.
450 3437 628 3533 referente,
663 3457 785 3511 tantum
812 3438 907 3510 luisse
932 3436 1063 3509 Prodici
1088 3438 1279 3508 eruditionis
1377 3475 1381 3482 ·

1216 3556 1277 3604 no·

349 3691 414 3763 vid.
433 3693 561 3773 Menag.
582 3690 620 3780 ad
651 3688 747 3770 mog.
769 3690 811 3758 L.
831 3691 887 3758 ΙΧ.
915 3708 968 3773 50.
991 3689 1095 3755 Olear.
1112 3689 1151 3754 ad
1172 3686 1281 3762 Philo.

269 3781 273 3786 ’
348 3784 498 3857 stratum,
523 3802 556 3859 p.
578 3775 653 3859 496·
681 3778 813 3845 Geerios
838 3780 934 3845 iliatr.
954 3780 986 3844 in
1005 3777 1072 3846 rot
1092 3775 1170 3840 Plat.
1193 3773 1279 3854 pria·

280 3885 282 3890 ’
349 3870 451 3948 alpia,
474 3889 505 3944 p.
524 3887 556 3946 7.
574 3867 604 3929 in
622 3883 717 3940 nota,
740 3884 771 3929 et
785 3866 909 3951 Baylius
929 3867 961 3931 in
983 3883 1060 3937 vote
1078 3859 1259 3934 astricto

391 3954 451 4042 (t)
473 3954 583 4021 Suidas
602 3953 636 4020 ia
652 3956 798 4037 ripaltam·
