2934 4725
327 483 372 550 ιο,
509 453 663 530 nera
712 441 1072 530 sociareris

323 672 363 724 ac
389 649 653 732 debilitabantur,
669 666 723 721 eo
749 652 851 744 magis
882 650 1000 724 Xerxis
1025 651 1250 735 successores,

323 752 481 842 imprimis
500 745 691 819 Artaxerxes
712 747 897 833 Mnemon,
922 750 1009 823 suam
1033 755 1067 820 in
1091 749 1251 820 Afiaticos

326 848 475 921 Graecos
499 863 694 937 potestatem
723 848 928 933 vindicabat,
960 849 1067 918 donec
1096 848 1244 927 tandem,

325 944 410 1015 facta
450 940 700 1014 celebratamlla
727 944 919 1015 Anralcidae
951 966 1062 1034 pace,
1095 943 1156 1012 hos
1189 943 1250 1011 libi

274 1101 276 1104 ,
325 1045 464 1137 penitus¹
479 1041 659 1132 subjiceret.
708 1037 933 1111 Cumautem
958 1042 1144 1125 videamus,
1164 1038 1251 1110 mule

328 1159 380 1214 tos
404 1142 439 1209 in
464 1138 532 1210 boe
556 1156 674 1231 genere
701 1137 880 1209 imitatores
902 1157 1037 1210 nactum
1057 1138 1137 1222 ,esse
1164 1137 1255 1209 Gor·

327 1240 442 1333 giam,
475 1234 587 1328 quales
622 1232 898 1328 Panegyricorum
943 1235 1114 1327 scriptores
1158 1234 1254 1305 Anti⁴

328 1336 508 1428 phontem,
527 1332 720 1414 Aristidem,
735 1332 883 1421 Lysiam,
902 1331 1095 1422 llpcratern,
1119 1334 1256 1403 minine
1300 1367 1307 1378 ·
1359 1353 1362 1359 ·

327 1430 511 1504 verofimile
528 1445 597 1509 est,
621 1447 684 1498 tam
703 1428 841 1522 longum
867 1431 1024 1521 temporis
1046 1425 1251 1502 intermlhrm

327 1526 545 1614 intercessisse·
568 1531 662 1610 inter,
678 1521 824 1619 Gorgiae
856 1529 1063 1618 exemplum,
1107 1544 1141 1595 et
1178 1524 1254 1593 imi·

330 1646 470 1700 satorum
498 1643 645 1712 tonatur.
694 1620 821 1718 Quodfi
849 1626 922 1718 quis
948 1625 1102 1715 objiciat,
1128 1623 1253 1692 ‘oratio-

271 1795 274 1803 ,
330 1744 406 1796 uem
434 1720 637 1805 funebrem,v
651 1721 865 1814 inhonorem
879 1720 1058 1806 saelorum
1084 1723 1118 1791 in
1141 1719 1254 1811 pu'gna

330 1817 580 1902 Salaminienli„
594 1835 665 1886 non
681 1818 803 1890 tamdiu
822 1835 898 1909 post
914 1819 1015 1910 ipsam
1037 1837 1181 1911 pugnarn
1198 1817 1256 1885 hee

329 1920 431 2002 bitem
447 1916 515 1987 esse
532 1913 695 2008 potuisse,
721 1935 783 2002 nos
799 1917 932 2007 quidem
950 1917 1032 2009 quid
1048 1914 1174 1986 obstare
1192 1932 1257 2003 po·

332 2017 430 2088 tuerit
456 2035 524 2084 non
547 2013 703 2083 videmur.
752 2010 937 2083 Pertinebat
962 2014 1017 2083 hic
1043 2012 1130 2104 quast
1156 2010 1254 2081 locus

312 2113 518 2186 'communis
542 2111 583 2181 ad
605 2099 871 2180 commovendos
889 2108 1057 2189 Graecos,
1090 2109 1114 2176 li
1143 2124 1254 2175 osten·

335 2213 427 2282 deret
444 2210 584 2292 Orator,
606 2225 665 2276 eos
683 2205 838 2274 intestinis
856 2203 1025 2273 discordiis
1042 2205 1190 2292 proprias
1206 2202 1258 2270 vi·

333 2328 385 2378 res
411 2304 587 2395 frangere,
604 2318 692 2382 ‚cum
719 2316 826 2368 tamen
850 2318 967 2368 eorum
994 2300 1109 2390 proavi
1133 2298 1259 2370 viribus

329 2405 470 2498 iunctis,
496 2402 706 2470 communem
723 2395 852 2465 bostem
870 2394 1113 2490 propellentes,
1130 2395 1258 2492 glorio·
1365 2462 1368 2467 .
1458 2432 1461 2449 .

331 2502 395 2575 sam
422 2516 561 2568 mortem
585 2488 828 2585 opperirissent.

341 2597 471 2668 ···Taiia
494 2613 601 2663 autem
631 2609 818 2684 argumenta
851 2612 919 2662 non
943 2592 1097 2685 ⁴publicis
1127 2606 1251 2662 tantum

331 2690 532 2770 emtionibus
562 2691 727 2760 materiam
763 2690 984 2779 praebebant,
1023 2691 1197 2761 sedetiam
1221 2691 1257 2759 in

331 2790 525 2866 scholarum
559 2785 682 2856 umbris
722 2807 742 2855 a
777 2783 941 2878 Sophistis
981 2807 1016 2859 et
1053 2787 1272 2858 unctoribus

333 2892 411 2985 eligi
437 2884 598 2965 solebant,
624 2902 787 2976 tamquam
813 2887 921 2975 campi
947 2886 981 2956 in
1012 2906 1098 2978 quos
1121 2884 1255 2954 illorum

334 2987 521 3081 eloquentia
544 2980 650 3053 effufis
674 2981 807 3051 habenis
834 3001 1038 3055 excurreret:
1062 3002 1097 3051 et
1121 2983 1176 3051 hic
1199 3002 1260 3052 eo-

336 3107 410 3161 rum
437 3103 511 3155 mos
534 3080 576 3149 ad
598 3080 779 3170 posteriora
801 3080 897 3148 etium
917 3099 1065 3171 tempora
1080 3082 1262 3171 pertinuitp
1383 3138 1390 3155 .

335 3186 421 3267 unde
440 3180 516 3251 Cic.
535 3177 575 3247 de
594 3173 662 3247 Off.
680 3173 787 3246 l.·18.
835 3175 1073 3270 „Contraque
1098 3177 1260 3249 intlaudi·
1367 3185 1369 3191 '

273 3320 276 3331 ·
337 3334 364 3372 „
388 3276 457 3379 bus
468 3295 551 3370 quae
569 3293 690 3365 magno
706 3273 815 3347 anino
835 3291 869 3342 et
894 3273 1020 3344 fortiter
1046 3266 1295 3344 excellenter-.-
1374 3308 1386 3333 .

338 3429 364 3470 ,‚
389 3397 455 3470 que
465 3392 554 3465 gesta
572 3371 664 3456 sunt,
687 3368 844 3441 etnescio
860 3373 1033 3461 quomodo
1042 3371 1188 3461 pleniore
1200 3389 1260 3441 ore

336 3508 363 3569 ,‚
380 3475 564 3556 laudamus.
612 3466 703 3551 Hinc
718 3465 904 3536 Rhetorum
932 3488 1065 3558 campus
1089 3466 1129 3535 de
1148 3466 1243 3537 illata

337 3627 363 3665 ‚,
386 3575 516 3649 thone,
552 3563 743 3646 Salamine,
794 3562 963 3650 Plataeis,
1002 3564 1255 3653 Thermopylis,

339 3723 366 3764 ‚,
390 3660 573 3740 Leuctris?
607 3660 664 3732 Cf.
690 3657 903 3732 IdsTuseul
930 3660 979 3756 Q.
1006 3660 1036 3732 Ι.
1063 3682 1092 3731 c.
1118 3682 1175 3749 49.
1200 3661 1261 3730 uhi

262 3832 264 3836 .
337 3766 491 3860 expolitis
517 3759 715 3855 quibusdam,
734 3755 922 3830 Rhetorum
938 3757 1098 3851 epilogis,
1123 3805 1149 3845 „
1175 3750 1260 3828 Har.

314 3863 538 3956 „,·modius,
563 3860 688 3948 inquit,
714 3858 832 3924 in‘ore
851 3874 885 3922 et
907 3857 1127 3946 Aristogiton,
1153 3850 1258 3925 Laue-

339 3958 577 4059 „daemonius
602 3951 785 4040 Leonidas,
817 3950 992 4027 Thebanus
1015 3952 1260 4065 Epaminondas

835 4074 838 4077 ι
1091 4104 1095 4107 -
1166 4095 1194 4143 n
1215 4069 1266 4121 Vl·
