2934 4725
366 416 432 503 ιιι
468 508 473 515 ,
557 419 715 499 nera
757 408 1118 504 societatis

344 607 499 738 Ιμένοι
488 643 521 690 er
548 616 675 717 tardiori
708 622 782 695 mol
813 620 875 693 aa)
910 620 1022 712 troiia
1042 626 1203 710 raditis,
1240 609 1289 705 5r‘
1325 709 1327 711 ¹

267 788 269 795 ,
357 713 536 808 ἐφαίνετο·
576 723 609 789 in
638 718 758 812 quibus
787 719 905 791 illud’
896 728 946 792 ἐτι
979 723 1021 793 fic
1056 724 1287 816 explicandum

359 815 507 898 videtur,
532 834 568 884 ut
593 816 809 911 intelligamus
840 817 1017 889 Prodicum
1043 822 1134 893 donii
1160 819 1287 891 Calliae

359 918 394 985 in
420 913 628 984 tabernaculo
648 935 863 1004 pernoctent
883 917 1084 990 decubuisse.
1123 917 1285 989 Veneraut

358 1013 445 1081 enirn
465 1032 507 1081 eo
534 1012 688 1085 Socrates,
700 1031 735 1081 at
764 1010 1004 1103 Hippocrates,
1018 1015 1109 1086 valde
1129 1018 1303 1085 matutina·
1339 1084 1343 1089 ,

359 1111 450 1181 hora.
503 1108 689 1183 Ateodem
714 1109 782 1198 jam
812 1128 962 1200 tempore
985 1113 1031 1182 ibi
1057 1116 1089 1183 in
1117 1111 1283 1183 vestibulo

357 1222 435 1280 cunr
472 1206 672 1277 auditoribus
697 1207 938 1288 deambulabat
973 1209 1186 1302 Protagoras,
1235 1209 1284 1276 se·
1322 1210 1329 1219 ’
1358 1274 1374 1295 Α.

357 1308 504 1396 densque
527 1302 665 1396 Hippias
705 1305 976 1376 circumsedentes
1004 1307 1160 1377 docebat:
1186 1307 1284 1398 ligni·

356 1405 434 1473 ficar
473 1403 575 1493 igitur
612 1402 764 1493 Socrates
785 1462 788 1473 .
806 1405 912 1472 minus
954 1404 1122 1474 robustam
1150 1402 1283 1473 Prodici

297 1512 301 1518 “
352 1503 536 1583 sanitatem,
583 1520 728 1591 eumque
754 1503 907 1591 corporis
930 1501 1095 1584 habitum,
1130 1502 1191 1592 qni
1221 1501 1283 1568 de·

354 1601 502 1670 licatiore
530 1617 607 1666 cura
636 1597 808 1687 indigebat.
857 1638 907 1652 -
954 1600 1091 1668 Videtur
1112 1597 1182 1666 sane
1206 1593 1285 1664 Plud

356 1697 486 1768 carthus
517 1694 665 1807 aliquem
687 1694 834 1764 habuisse
868 1695 1014 1777 fontem,
1049 1715 1173 1788 praeter
1206 1691 1280 1763 Pla·

355 1813 529 1874 runem,e
561 1813 631 1884 quo
655 1793 716 1865 ista
744 1791 897 1877 hauserit,
925 1814 1034 1886 eoque
1063 1795 1163 1884 magis
1187 1789 1280 1882 quod

352 1894 506 1987 iuvenem
532 1885 709 1963 Prodicum
728 1889 885 1960 morboso
911 1911 1052 1982 corpore
1070 1889 1166 1960 fuisse
1185 1888 1281 1980 ligni·

353 1990 441 2061 ficet.
494 1984 642 2058 Fortasse
664 2007 773 2058 autem
804 1984 985 2076 Prodicus,
1011 2008 1087 2059 cum
1115 1991 1148 2056 in
1173 1987 1282 2056 Grae⁴

353 2091 423 2160 siae
456 2088 677 2157 continentem
712 2088 853 2175 primum
895 2088 1072 2175 trajiceret,
1113 2080 1301 2155 imbecilla.

354 2185 453 2257 fuerit
475 2181 679 2265 valetudine,
705 2203 803 2271 quarn
831 2182 946 2250 deinde
981 2183 1130 2270 corporis
1164 2199 1279 2262 motu,

353 2282 583 2370 continuisque
601 2279 786 2356 itineribus,
797 2296 864 2344 non
882 2277 966 2344 adeo
983 2276 1277 2359 corroboraverit,

353 2379 434 2473 quin
460 2397 497 2444 ea
529 2375 654 2461 semper
690 2373 851 2443 laboraret
884 2375 999 2465 virium
1034 2371 1279 2458 imbecillitate,

355 2496 439 2570 quae
457 2473 690 2543 diuturniorem
717 2468 968 2565 mollioremque
994 2473 1140 2564 requiem
1172 2490 1278 2542 ntem⁴

353 2578 492 2646 brorum
519 2571 708 2661 requireret

372 2669 467 2739 Sed
492 2687 552 2781 age
578 2666 704 2736 tandem
739 2686 783 2736 err
816 2665 866 2736 his
895 2662 1152 2760 conjecturarum
1188 2655 1276 2758 quali
1377 2691 1383 2722 ι

351 2766 519 2844 nebulis
509 2788 542 2834 nr
552 2766 740 2833 certiorem
768 2765 920 2835 historiae
952 2762 1061 2834 lucem
1088 2763 1275 2855 progredia

354 2888 449 2946 rnur,
472 2884 576 2954 eaque
602 2860 816 2954 colligamus,
850 2882 933 2952 quae
958 2862 997 2931 ad
1028 2860 1192 2932 Prodici
1183 2873 1295 2954 inge-r

353 2969 464 3040 nium
473 2959 979 3053 philosophiam,eloquentiant
987 2960 1193 3031 enarrandam
1203 2978 1277 3050 per

354 3067 482 3134 tineant

404 3159 517 3248 ltaque
542 3173 562 3222 e
589 3153 683 3244 snpra
710 3121 879 3243 disputatis
914 3137 1084 3237 ridemus,
1118 3109 1298 3244 imprimis

355 3256 490 3330 valuisse
516 3253 692 3324 Prodicum
720 3254 766 3322 rci
793 3251 957 3420 politicae
976 3254 1122 3334 scientia,
1148 3271 1181 3319 et
1198 3248 1278 3320 Phi·

353 3357 525 3437 lustratus,
550 3372 583 3441 p.
618 3348 699 3441 496
723 3331 957 3441 rpsrdssavd
958 3376 994 3432 ε,
1017 3351 1142 3439 inquit,
1179 3345 1275 3440 stapla
1339 3360 1341 3366 ’

341 3451 557 3536 falsatore,
582 3375 798 3615 παρελθῖιιθιιρ’
771 3473 816 3523 ere
844 3474 884 3519 τι
913 3440 1212 3538 βουλευτήριον,
1199 3471 1287 3526 tarta

340 3549 504 3626 nemrot
541 3539 706 3633 ’ἔδοξεν
688 3542 746 3615 aad
749 3540 871 3635 paror.
941 3547 1020 3615 Erat
1053 3545 1183 3635 quidem
1218 3542 1274 3612 illa

356 3651 470 3742 peritia
497 3637 619 3717 diversa
643 3644 684 3713 ab
710 3644 771 3712 hac
799 3641 979 3733 rostrata,
1005 3662 1089 3733 quae
1106 3663 1186 3712 vero
1202 3640 1276 3730 phi·

355 3746 427 3818 lolo
430 3746 524 3837 phiae
550 3725 761 3811 fundamento
792 3745 965 3821 niteretur,
998 3759 1031 3809 et
1058 3740 1151 3830 cujus
1182 3738 1276 3807 Plato

358 3845 504 3957 passim
496 3865 528 3912 ιιι
557 3838 693 3931 dialogis
711 3858 882 3948 praecepta
905 3842 1038 3928 promit.
1088 3838 1163 3908 Vid.
1190 3834 1279 3903 lec·

361 3945 449 4029 rius,
466 3941 551 4034 disp
575 3937 597 4011 l.
621 3958 651 4008 c.
678 3934 704 4008 1.
729 3939 764 4005 e't
787 3935 876 4009 alibi.
900 3934 1013 4007 Fuerit
1035 3934 1117 4007 adco
1140 3931 1292 4097 Prpdici

1195 4047 1292 4099 cren
