2934 4725
354 355 941 509 tuaprcrrrcnn
1034 413 1113 501 '205

182 582 246 662 suis
263 592 404 662 inventis
430 594 662 685 amplificavit,
687 594 730 665 de
756 596 882 689 quihus.
902 617 936 668 et
953 588 1113 690 quaedam

32 737 34 746 ,
123 696 125 699 ’
183 690 303 760 habent
321 691 456 761 Veteres
474 694 706 780 Grammatici,
733 714 767 763 et
791 700 937 767 omnium
963 699 1115 792 optime,-

184 808 221 856 ut
246 787 393 875 viderur,
427 790 570 878 disputat
608 792 752 871 Cicero,
785 797 844 885 qni
883 794 952 885 ejus
980 795 1112 866 dicendi

184 905 288 976 genus
304 886 346 955 stc
365 887 527 960 describit.
554 892 644 963 Orat.
662 914 693 960 c.
714 910 771 982 52·
806 939 831 971 .‚
862 892 946 961 h'am
966 896 1023 983 qui
1042 891 1113 963 iso·

184 1022 209 1069 5,
235 1004 357 1052 cratem
386 990 526 1058 maxime
552 993 729 1074 mirantur,
755 987 822 1057 hue
839 988 873 1057 in
891 990 961 1080 ejus
981 991 1115 1059 i'ummit

182 1128 208 1167 ‚,
234 1078 385 1151 laudibus
409 1082 538 1170 serunt,
569 1088 661 1180 quod
688 1087 795 1156 verbis
821 1084 933 1155 solutis
958 1085 1147 1158 mrmeroc⁴

177 1228 207 1270 „
233 1182 357 1269 primus
391 1183 584 1272 adjunxerit.
619 1182 690 1273 (r)
728 1184 815 1254 Cura
851 1187 940 1254 enim
967 1187 1112 1269 videret,

181 1328 207 1368 „
235 1280 389 1352 Oratores
415 1301 491 1350 cum
520 1282 684 1354 seueritate
708 1282 834 1359 audiri,
859 1286 975 1372 poetas
1000 1303 1109 1352 autem

181 1426 209 1467 „
236 1397 311 1446 cum
329 1375 516 1469 voluptate:
544 1402 612 1450 turn
640 1381 759 1451 dicitur
785 1399 940 1450 numeros
960 1379 1111 1466 secutus,
1159 1433 1210 1476 x,

181 1525 206 1560 „
233 1474 352 1565 quihus
372 1479 468 1544 etiam
485 1481 517 1547 in
537 1478 879 1570 Oratione-uteremur
898 1497 974 1546 com
990 1476 1111 1567 jucun·

180 1603 205 1661 h
233 1574 340 1641 ditatis
365 1573 481 1659 causa,
509 1595 577 1644 rum
604 1596 640 1644 ut
656 1575 792 1644 varietas
811 1594 1001 1652 occurrerer
1020 1574 1113 1644 satie«

180 1721 206 1759 ,‚
235 1672 300 1740 tati.
351 1668 440 1738 Nam
475 1675 639 1742 neminem
675 1674 709 1740 in
742 1691 787 1739 eo
812 1690 929 1762 genere
956 1669 1042 1740 scien
1060 1675 1111 1742 iut

178 1814 207 1857 „
234 1765 391 1836 versatum
416 1766 577 1849 Isocrate,
603 1767 826 1840 eonfitendum
856 1789 926 1853 est,
952 1767 1004 1836 sed
1023 1772 1113 1858 prin·

179 1914 208 1953 „
234 1882 314 1954 ceps
331 1865 512 1936 inveniendi
531 1866 593 1938 suit
612 1866 893 1953 Thrasymachum
919 1868 1015 1957 cujus
1033 1888 1111 1936 orn·
1206 1889 1210 1899 ·

144 2012 147 2018 .
180 2013 207 2051 ,,
232 1965 286 2031 nia
313 1963 409 2034 nimis
432 1966 528 2035 etiam
554 1965 675 2036 exstant
698 1967 816 2054 scripta
840 1961 1045 2035 numerose.”
1077 1983 1112 2035 et
1139 1991 1144 1998 ·

180 2110 208 2156 ‚,
233 2057 318 2130 Ihid.
337 2080 368 2129 c.
393 2078 446 2133 12.
472 2110 497 2145 „
523 2062 631 2134 Datur
656 2064 752 2133 etiam
775 2064 868 2132 venia
897 2062 1111 2134 concinnitati
1160 2110 1164 2120 ·

179 2205 208 2251 „·
234 2157 478 2228 sententiarum:
511 2181 545 2230 et
569 2145 693 2253 argitti,
718 2162 888 2251 certique,
908 2178 942 2230 et
967 2160 1111 2232 circum·

179 2283 206 2346 3,
236 2255 343 2345 scripti
362 2256 537 2328 verborum
563 2260 704 2329 ambitus
728 2258 977 2330 conceduntur:
1001 2256 1042 2326 dc
1060 2260 1110 2328 in—

179 2407 207 2450 „
236 2354 442 2445 dustriaque,
467 2378 534 2427 non
553 2378 595 2428 cx
612 2356 753 2439 infidiis,
777 2353 831 2427 sed
856 2376 967 2450 aperte
991 2376 1030 2425 ac
1049 2380 1107 2448 pa

180 2502 209 2542 ‚‚
235 2452 299 2522 lam
316 2451 521 2540 elaboratur,
547 2477 582 2524 ut
611 2455 709 2525 verba
722 2455 834 2524 uerbis
853 2455 940 2548 quah
959 2450 1110 2533 demensa

81 2546 84 2552 ’
177 2600 206 2643 ,,
232 2570 265 2622 et
297 2552 385 2641 paria
422 2551 655 2642 respondeant,
689 2573 726 2622 ut
741 2553 871 2635 ‚crebro
898 2549 1111 2624 conferantur

180 2698 206 2740 ‚,
230 2650 434 2742 pugnantia,
473 2669 770 2744 comparenturque
801 2653 979 2722 contraria:
1015 2670 1049 2719 et
1071 2670 1109 2722 ut

179 2797 205 2835 ‚,
229 2740 349 2838 pariter
366 2766 508 2818 extrema
522 2752 759 2832 terminentur,
785 2751 994 2841 eundemque
1018 2747 1108 2819 rese·

178 2891 206 2934 ,‚
232 2865 301 2914 rant
321 2846 355 2915 in
374 2846 520 2916 cadendo
536 2845 671 2917 sonum:
697 2866 781 2937 quae
808 2851 842 2919 in
869 2849 1001 2916 veritate
1029 2868 1107 2917 cau-

181 2980 210 3033 ,·‚
237 2941 339 3013 sarum
356 2962 390 3011 et
406 2945 506 3013 ranas
524 2942 629 3014 multo
649 2942 810 3026 facimus,
834 2962 868 3012 et
883 2963 971 3014 certe
989 2945 1109 3016 occui·
1209 2952 1215 2959 ’

180 3088 211 3128 ,,
236 3042 310 3110 tius.
360 3037 399 3110 In
426 3038 662 3123 Panathenaico
679 3062 788 3113 autem
807 3040 962 3113 isocrates
982 3061 1020 3110 ea
1042 3041 1108 3112 stu·

177 3187 204 3223 „
230 3137 320 3208 diosc
343 3136 553 3210 consecutum
578 3139 716 3213 fatetur:
748 3161 815 3211 non
843 3145 931 3210 enim
956 3138 996 3210 ad
1019 3138 1107 3230 judi·

177 3272 212 3322 „·
229 3238 356 3309 ciorum
378 3256 562 3323 certamen,
595 3237 651 3310 sed
677 3239 717 3311 ad
748 3236 954 3330 voluptatem
980 3241 1105 3404 rursiam

862 3378 865 3389 -
974 3382 1002 3419 ‚‚
1041 3358 1108 3409 crr-

223 3485 278 3569 (1)
300 3483 551 3569 Thrasymachus
582 3507 694 3570 paeana
718 3493 751 3578 in
777 3492 956 3561 Orationem
984 3501 1107 3583 primur

177 3574 309 3650 iuverit,
326 3590 404 3637 teste
425 3575 521 3639 Arist.
546 3576 642 3643 Rhet.
653 3578 709 3645 ΙΙΙ.
722 3601 752 3648 c.
764 3601 796 3664 7.
824 3583 986 3649 Caeterum
998 3591 1106 3652 denu·

176 3651 269 3724 meris
304 3657 453 3741 fcripsrsse
480 3659 765 3748 Thrasymachum,
797 3668 924 3734 affirmat
953 3692 1104 3757 quoquc,

129 3760 131 3763 ·
175 3747 226 3813 feu
253 3747 417 3811 secundum
453 3749 661 3831 Ciceronem,
694 3770 729 3817 ut
769 3756 891 3824 videtur
943 3759 1106 3842 Rufinus,

172 3832 223 4003 pse
235 3832 379 4001 3Cpgrrrpos.
410 3848 441 3898 tt
466 3841 575 3902 matris
606 3838 703 3908 Orat.
735 3842 770 3906 'n
798 3802 939 3913 Gramk
967 3847 1106 3918 Pithon&
