2934 4725
384 449 986 550 tuntucutunu
1083 454 1151 549 ιιι

169 718 175 723 .
223 668 307 742 quae
333 649 402 722 sola
418 654 460 720 ni
487 651 607 744 ingenii
633 646 880 732 excolerentur,
912 649 1148 721 verumetiam

221 766 309 839 quae
334 769 486 820 manuum
505 748 644 818 artificio
661 766 910 832 exercerentur,
932 744 1150 839 probabiliter

221 844 377 917 novisset.
401 846 472 937 (Id.
497 846 601 938 Hr'pp.
618 844 709 916 Min.
739 847 809 934 §30
838 844 876 911 u·
892 863 926 913 et
943 864 1008 937 23¹
1029 841 1071 918 G.
1099 841 1146 917 cf.

220 939 371 1013 Philostr.
397 944 420 1014 l.
448 945 493 1030 l.)
542 944 624 1037 Quo
645 941 767 1012 facturn
794 960 874 1022 est,
908 962 944 1010 ut
969 963 989 1012 a
1014 942 1145 1012 civitate

220 1037 275 1108 sua
308 1042 444 1117 idoneus
469 1040 642 1111 haberetur
666 1037 808 1131 aliquam
838 1035 939 1132 Reip.
956 1059 1069 1108 curam
1085 1057 1145 1132 ge·

220 1137 347 1218 rend0‚
382 1140 571 1230 saepiusque
601 1134 727 1228 legatus
750 1154 819 1205 tutn
847 1135 888 1204 ad
914 1135 993 1206 alias
1025 1136 1143 1224 urbes,

219 1251 289 1302 tum
324 1237 481 1326 imprimis
519 1235 799 1304 Lacedaemonem
824 1233 1014 1305 mitteretur.
1048 1230 1143 1316 Plato

218 1328 241 1400 l.
268 1329 289 1397 l.
344 1331 393 1402 Ac
414 1354 473 1422 per
496 1332 597 1422 ipsam
626 1332 760 1425 quidem
779 1328 907 1405 ,hantm
921 1344 926 1356 ’
940 1331 1142 1423 legationum

220 1431 527 1519 opportunitatem,
561 1428 649 1497 lnam
692 1428 872 1499 doctrinam
904 1428 1140 1499 divenditabat:

216 1525 376 1610 Athenis,
400 1526 458 1594 ubi
484 1550 503 1596 a
532 1523 668 1594 Platone
687 1523 757 1614 (ι)
782 1546 815 1593 et
838 1524 1062 1616 Xenophonte
1080 1528 1142 1595 let-

192 1635 352 1706 ,monem
380 1643 457 1693 cum
482 1623 619 1692 Socrate
645 1621 770 1692 habens
788 1621 936 1714 lingitur,
957 1625 991 1714 in
1008 1621 1143 1703 Sicilia,

216 1719 273 1788 ubi
300 1740 320 1787 e
348 1724 482 1813 regione
498 1721 637 1814 quadam
659 1717 782 1808 loyca,
800 1740 916 1809 magna
937 1718 1143 1788 institutionis

218 1817 370 1886 mercede
397 1818 583 1911 poscenda,
617 1819 780 1906 ingentem
809 1819 980 1908 pecuniam
1008 1818 1141 1909 coegit:

219 1911 336 2002 (Plato
352 1913 374 1983 1.
386 1914 409 1983 l.
428 1917 487 2005 96.
497 1913 539 1984 C.
550 1934 584 1983 et
593 1912 741 1983 Philostr.
761 1913 784 1983 l.
798 1912 846 2002 l.)
867 1912 1141 2000 Lacedaemone,
1163 1941 1166 1945 ·

216 2011 274 2078 ubi
292 2031 369 2080 cum
390 2013 539 2081 homines
557 2012 664 2081 minus
682 2010 795 2080 avidos
821 2011 934 2082 hatum
953 2011 1142 2080 deliciatum

215 2107 491 2197 deprehenderet,
527 2112 629 2199 magis
664 2107 791 2178 austero
829 2109 980 2180 utebatur
1013 2108 1143 2183 dicendi

132 2230 134 2240 ι
213 2225 333 2298 genere
367 2205 638 2299 gravioribusque
666 2203 827 2300 loquenti
851 2207 1067 2298 argumentis,
1092 2226 1144 2274 re·

214 2323 285 2373 rum
320 2302 527 2394 publicarum
565 2323 682 2396 genera
707 2304 897 2387 recensem,
932 2304 972 2373 de
998 2302 1140 2375 coloniis

146 2450 149 2456 -
215 2400 438 2493 operibusque
446 2399 590 2520 publicu
599 2402 787 2491 disputans,
804 2401 975 2494 (Philostr.
993 2423 1024 2491 p
1036 2399 1143 2495 495.)

214 2496 369 2587 περὶτῶν
391 2500 514 2589 γειιιι,
540 2487 564 2566 d
583 2494 779 2589 Σῶιιροιτει,
805 2498 869 2570 τῶν
884 2524 923 2570 τε
939 2497 997 2595 'Hp
1000 2494 1064 2571 dor
1082 2499 1142 2573 aul

212 2620 276 2665 οιιι
274 2589 498 2713 adulptlttur,
519 2593 577 2667 eal
606 2599 672 2667 τῶν
701 2595 949 2683 κατοικήσειν,
975 2598 1016 2673 alc
1042 2596 1144 2689 rctip·

190 2718 193 2723 ’
214 2691 319 2784 gatar
339 2686 601 2778 ἐκτίσθησαν
562 2721 597 2764 ιιι
615 2696 750 2772 πόλεις
775 2703 834 2765 aul
854 2692 1051 2787 συλλήβδην
1070 2718 1140 2767 ποι·

125 2817 149 2843 ·,
212 2814 274 2872 cnr
301 2791 361 2874 τῆς
389 2786 646 2886 ἀρχαιολογίας
673 2785 825 2876 llaeo'
806 2817 868 2885 οικρ
874 2795 1001 2865 οωιιιιι
1048 2792 1140 2864 Haec

208 2886 288 2976 ipse'
304 2888 441 2980 Hippias
459 2889 561 3000 apud·
563 2887 648 2962 Plat.
668 2908 728 2978 97.
747 2889 789 2959 E.
822 2888 988 2960 Hactenus
1005 2890 1047 2960 de
1068 2891 1140 2985 ejus

212 2984 278 3053 vita
302 3002 336 3053 et
359 2986 457 3058 rebus
480 2986 591 3079 gestis.

1041 3065 1143 3177 Apud
1193 3178 1195 3183 Ι

253 3204 310 3293 (d
334 3210 513 3275 Athenaeus
527 3256 538 3288 ,
550 3208 625 3278 tv.
640 3229 680 3291 p.
693 3213 754 3274 218
789 3207 946 3276 Platonem
965 3223 1142 3291 temporum

209 3297 355 3362 ⁴ordinem
380 3316 443 3362 nan
467 3295 621 3375 servasse,
644 3296 714 3362 latis
737 3293 834 3361 firmis
862 3296 1033 3359 ratlandus
1070 3317 1143 3378 pro.

209 3382 291 3458 bat,
312 3381 515 3463 ostenditque
532 3403 596 3449 non
612 3381 752 3465 potuisse
776 3381 920 3462 llippiam
944 3380 1077 3449 Athenis
1095 3385 1145 3452 di.

212 3485 351 3551 vertere,
374 3488 411 3535 eo
437 3483 576 3550 tempore
599 3488 665 3550 quo
694 3490 712 3534 a
741 3469 868 3534 Platone
894 3469 924 3530 in
951 3466 1046 3534 Prot.
1068 3487 1139 3538 cunr

210 3554 340 3618 Socrate
366 3557 530 3636 disputans
555 3557 727 3622 induciutt.
774 3554 953 3632 sedimen,
977 3559 1140 3637 utopinor

271 3640 291 3704 'l
308 3638 346 3704 ad
362 3659 435 3707 noa.
480 3642 627 3723 Longum
649 3639 686 3706 sir
705 3640 841 3708 musnet
859 3641 1008 3706 Athenaei
1030 3645 1068 3709 ad
1088 3664 1142 3709 ac·

286 3738 352 3789 tum
372 3745 498 3793 examen
517 3745 680 3807 teutrctre3
705 3730 794 3809 atqui
815 3723 837 3790 st
857 3727 905 3799 vel
924 3728 994 3792 inde
1009 3729 1140 3797 maxime

212 3830 250 3893 pa
300 3826 353 3895 et,
366 3810 529 3881 'Platonem
549 3813 716 3892 erravisse,
739 3833 804 3881 uon
825 3810 922 3879 statim
941 3811 1138 3894 sequeretur,

207 3916 377 3978 numquam
405 3899 551 3982 Hippiam
583 3917 654 3964 curn
684 3900 810 3966 Socthte
836 3901 1027 3967 collocutum
1049 3904 1134 3971 esser

106 4016 119 4030 =
207 4001 362 4070 practerea
381 3985 441 4054 hos
461 3986 637 4069 Xenophon
664 3991 724 4049 und
744 3985 925 4055 disserentes
945 3983 1033 4055 facit.

634 4070 724 4162 Mt
