2934 4725
403 436 1000 555 rRAJucrrrrttt
1087 463 1164 558 1⁶7

235 699 262 741 „
279 642 368 747 ‘quid
384 652 479 748 pejus
506 671 576 737 est,
598 651 685 725 idem
702 670 738 724 ct
756 655 884 745 turpius
909 670 979 738 est,
1004 638 1102 747 quale
1116 657 1170 729 itt·

235 792 265 839 4,
285 751 404 844 jurium
420 753 508 843 pati,
532 748 607 844 lege
632 771 713 823 vero
729 750 857 825 inferre.
905 748 988 848 Non
1010 754 1097 822 enim
1119 754 1166 835 rb
1209 826 1213 837 f

183 921 185 925 ,
235 890 262 934 t,
287 854 315 921 ri
341 868 391 922 est
405 849 534 943 injurias
552 850 703 941 perpeti,
727 849 782 920 sed
798 846 950 938 mancipii
976 848 1164 940 cujusdam,

236 966 452 1033 „munuum
490 944 559 1017 esse
595 966 692 1038 quam
726 947 835 1017 vivere
870 945 964 1017 satius
992 947 1161 1034 ducentis,

234 1090 260 1127 ,,
284 1046 376 1135 quod
406 1041 606 1116 contumelia
631 1039 805 1128 affectum,
829 1062 936 1138 neque
961 1065 981 1113 a
1008 1044 1040 1113 se
1046 1043 1160 1159 ipso,

233 1161 393 1235 „neque
418 1143 460 1213 ab
485 1140 573 1226 illis,
596 1160 740 1233 quorum
766 1150 878 1211 curam
897 1139 987 1232 agit,
1011 1140 1160 1230 iujuriam

128 1259 131 1263 ·
233 1276 259 1323 ,,
284 1238 470 1331 propellere
492 1257 614 1330 potest.
638 1239 783 1323 Verum,
801 1257 838 1308 ut
862 1257 934 1308 mea
953 1232 1016 1308 fert
1033 1238 1159 1311 senten,

232 1377 258 1421 „
281 1338 348 1423 tia,
372 1338 430 1429 qui
459 1335 552 1430 leges
579 1333 710 1422 ferunt,
743 1335 978 1406 imbecilliores
1010 1334 1160 1420 sunt,et

234 1476 260 1517 ‚,
284 1431 324 1501 de
346 1433 446 1524 plebe
473 1433 645 1524 homines;
677 1435 803 1524 proprii
826 1435 925 1525 igitur
945 1430 1159 1509 emolumenti

231 1572 258 1615 ‚‚
283 1530 374 1600 causa
405 1529 497 1623 leges
524 1529 694 1617 condunt,
733 1527 910 1622 laudesque
934 1548 969 1597 et
995 1533 1159 1620 vitupera·

233 1671 259 1710 ,,
284 1628 392 1696 tiones
415 1644 642 1717 componunt,
662 1644 696 1695 et
713 1640 836 1696 metum
855 1628 1093 1740 potentioribus
1110 1629 1157 1699 in·

230 1771 257 1808 ‚‚
280 1722 450 1813 limentes,
474 1744 516 1794 ne
542 1720 613 1805 illi,
636 1725 736 1793 nimia
759 1743 835 1794 cum
862 1724 923 1794 smt
946 1727 1159 1810 auctoritate,

232 1866 258 1905 ‚‚
281 1817 357 1908 iplis
384 1837 545 1900 noceant,
569 1820 683 1891 dicunt
707 1839 803 1914 turpe
831 1841 864 1891 et
887 1818 1040 1909 injustum
1066 1819 1157 1908 esse,

232 1958 259 2002 „
283 1913 354 1985 aliis
380 1915 455 2007 plus
481 1916 607 1990 habere.
667 1917 784 2009 Atque
815 1918 882 1990 boc
912 1914 1014 1987 illis
1006 1917 1157 2010 injustitia

231 2059 257 2099 ,‚
280 2030 352 2100 est,
378 2013 488 2086 videre
512 2031 549 2082 ut
574 2011 788 2105 pluraquam
815 2013 869 2084 alii
888 2012 1032 2097 babent,
1056 2015 1159 2103 posb·

229 2148 255 2195 ‚·‚
280 2108 365 2179 deas.
413 2110 580 2185 Nimirum
611 2128 775 2180 caeterum
802 2109 994 2196 inferiores,
1020 2130 1157 2203 aequam

230 2254 256 2292 „
281 2225 405 2297 partem
423 2206 480 2277 libi
497 2204 640 2278 sufficere
657 2225 788 2298 putant:
806 2226 980 2303 propterea
994 2206 1068 2299 lege
1084 2210 1158 2299 qui·

229 2353 255 2393 ,,
280 2305 355 2375 dem
375 2303 637 2396 illud'injustum
664 2324 827 2398 turpeque
842 2305 977 2386 dicitu,
1002 2326 1157 2398 quaerere
1177 2341 1179 2345 ·

230 2450 256 2488 ‚‚
281 2400 420 2492 utplus
444 2421 543 2494 quam
567 2406 687 2474 caeteri
712 2405 879 2497 acquiras,
905 2423 938 2473 et
963 2403 1028 2474 lroc
1051 2402 1155 2496 vulgo
1251 2408 1254 2414 '

210 2535 256 2591 1„
280 2499 427 2589 injuriam
454 2518 585 2570 vocant.
637 2503 761 2571 Namra
785 2515 867 2570 vero
891 2499 978 2591 ipsa,
1005 2505 1064 2591 (ut
1092 2522 1174 2592 pu·-

103 2621 109 2634 ‘
227 2646 257 2687 „
279 2601 338 2683 to)
374 2595 569 2666 demonstrat
601 2617 743 2687 aequum
777 2596 875 2679 esse,
921 2614 958 2667 ut
995 2616 1158 2688 praestan.

228 2742 255 2784 ,‚
279 2696 379 2765 tiores
405 2696 516 2766 omnia
545 2696 681 2765 caeteris
717 2692 855 2766 habeant
886 2692 1077 2787 superiora:
1099 2743 1102 2754 .
1122 2715 1156 2780 et
1221 2719 1225 2728 ⁵
1308 2683 1311 2708 ”

228 2839 256 2881 ,,
281 2790 347 2862 hoc
373 2809 504 2865 neutrae
529 2790 716 2873 decretum,
758 2811 826 2863 tutu
859 2793 899 2860 inx
928 2795 1075 2862 caeterit'
1088 2795 1158 2865 ani,

185 2973 187 2984 y
228 2935 255 2977 ‚‚
280 2886 420 2957 mulibut
437 2881 660 2978 conspicitur,
685 2907 755 2957 tum
777 2891 811 2958 in
831 2888 999 2957 homimum
1018 2890 1158 2976 civitam

229 3034 255 3073 „
280 2984 342 3053 bus
358 2983 595 3075 gentibusque:
619 2981 774 3053 videlicet
795 2983 952 3073 justitiam
978 3004 1021 3052 eo
1042 2988 1158 3068 censer

229 3131 256 3170 „
281 3083 333 3165 ri,
355 3100 392 3151 ut
416 3078 536 3151 ‘melim
558 3079 665 3174 pejori
691 3082 850 3169 imperet,
874 3076 1033 3172 pluraque
1051 3083 1159 3172 potii,

223 3230 252 3269 ,‚
275 3180 362 3249 dett.
414 3176 504 3250 Nam
527 3198 596 3271 quo
616 3178 689 3270 jure
714 3177 843 3263 Xerxes
869 3177 1040 3249 Graeciam
1065 3178 1156 3260 bello

228 3275 411 3366 „adortus
434 3294 505 3361 ert,
529 3294 593 3346 aut
610 3296 701 3366 pater
718 3275 788 3368 ejus
809 3274 965 3365 Scythas:
989 3294 1045 3345 aut
1060 3278 1156 3348 innus

227 3421 253 3462 ‚,
278 3371 550 3456 membresam,
582 3391 669 3465 quos
694 3369 816 3442 referre
842 3370 979 3466 longum
1005 3373 1078 3456 lit3,
1097 3395 1158 3456 ve?
1193 3427 1209 3446 ι.

228 3519 257 3559 „
277 3491 351 3540 rum
379 3471 519 3542 arbitror
542 3469 618 3539 illos
637 3470 814 3541 secundum
832 3468 914 3562 juris
929 3487 1073 3540 natttram
1084 3520 1098 3557 ,
1122 3492 1158 3552 et

229 3620 254 3655 ,‚
278 3565 387 3661 legem
416 3587 549 3640 naturae
574 3566 641 3637 boc
670 3564 800 3637 facere:
835 3581 903 3637 oon
932 3585 1039 3637 aurern
1056 3569 1158 3659 ¹juxta

230 3662 392 3758 „leges,
417 3686 497 3756 quas
521 3683 583 3735 tros
607 3664 783 3777 ponimust,
805 3680 824 3732 e
848 3663 969 3755 qulbue
994 3685 1158 3778 praestan·

230 3809 255 3848 ,‚
281 3762 323 3829 tis
352 3760 592 3856 generosueque
618 3760 771 3830 indolis
758 3779 918 3853 Juvenes,
951 3759 1033 3830 ab
1022 3782 1156 3850 rucuma·¹

226 3907 254 3950 ,‚
280 3857 366 3927 bulis
395 3877 556 3950 tamquam
582 3858 689 3929 leonis
709 3853 848 3928 “catulos
881 3856 1059 3949 fingentes,
1100 3882 1157 3930 ve·

225 3997 254 4056 ς,
278 3955 338 4033 luu'
363 3945 593 4042 illecebrarum
624 3953 811 4131 prlqeot'lgiis
836 3958 870 4036 lu
896 3954 1080 4031 seruitutem
1105 3979 1159 4127 ff?-

211 4067 214 4076 ’
497 4102 503 4115 ·
710 4071 735 4148 4
1058 4097 1085 4140 ιι
1132 4075 1158 4125 ¹·
