2934 4725
224 549 232 564 Ι
313 467 355 546 ,4-
503 447 1072 532 ncrutocteratts

265 721 270 730 ,
320 645 492 734 scriptores
527 662 643 715 eorum
673 646 843 724 vanitatem
870 649 1030 730 ridentes,
1055 659 1244 742 veteresque
1299 693 1301 702 a

317 764 399 824 ¹¹cum
414 742 600 833 jumoribus
619 740 782 831 sophistis
799 743 1055 833 confundentes,
1068 742 1244 817 ‘unitiersos

189 865 197 887 i
238 920 243 934 ἢ
320 839 1245 936 corrrumelioseexagitahant,sacile,fiquidmendaciiin

322 940 447 1027 scriptis
466 935 527 1004 luis
541 936 765 1015 admitterent,
781 940 907 1008 veniam
918 942 1173 1029 impetrarentab
1191 946 1244 1011 iis·
1262 969 1264 974 ¹

320 1040 398 1108 dem
417 1033 685 1115 Atheniensibus,
711 1036 768 1122 qni
787 1031 1016 1127 Aristophanis
1034 1040 1243 1125 comoedias,

322 1131 486 1204 Periclem
497 1152 530 1200 et
548 1130 716 1200 Socratem
727 1131 934 1203 dilacerante>
945 1182 959 1218 ,
972 1134 1084 1224 plausu
1105 1138 1247 1226 excipies

253 1275 260 1282 -
322 1230 799 1320 hant,quiqueveritatemnon
816 1231 1248 1325 cu·rabant,dumm0doquis

241 1399 245 1407 ,
324 1328 467 1421 jucunde
484 1324 714 1416 ingenioseque
730 1325 906 1420 scriberet.
924 1329 1011 1410 Tum
1028 1321 1111 1420 quae
1129 1332 1162 1399 in
1181 1334 1250 1399 lau·

326 1429 402 1504 dato
425 1423 584 1493 Athenaei
611 1421 690 1514 loco
713 1421 1128 1517 legunttufflrotagoram,
1154 1427 1244 1496 lecto

287 1549 296 1588 t
326 1521 458 1614 dialogo
495 1520 554 1589 fibi
590 1519 765 1609 inscripto,
798 1523 931 1594 dixisset
968 1521 1011 1597 ric
1046 1525 1156 1598 aanor
1178 1518 1245 1594 tiss

277 1671 283 1681 ·
325 1615 475 1693 Πλάτων
504 1613 696 1709 Ξαμβῖζεινς
728 1620 807 1708 quid
840 1620 926 1690 aliud
959 1618 1157 1713 significant,
1189 1622 1246 1690 rrist

327 1715 498 1808 Platonem
524 1738 589 1784 non
608 1714 710 1783 modo
727 1714 803 1784 i'alsa
820 1715 982 1799 retulisse,
1017 1716 1072 1783 sed
1106 1720 1248 1808 iniquius

220 1823 226 1836 '
320 1807 369 1900 fde
387 1814 563 1905 Protagora
586 1813 802 1903 judicavisse?
837 1815 959 1884 Verum
989 1812 1093 1882 levius
1119 1834 1167 1881 est
1190 1815 1254 1883 hu·
1354 1847 1355 1850 ¹
1449 1843 1450 1854 ³

301 1911 382 2005 -jus
412 1912 609 2002 quaestionis
636 1931 848 1983 momentum.
883 1912 971 1983 Nam
1000 1910 1094 1980 Plato
1118 1911 1255 2001 Sophis-

329 2030 433 2082 tarum
460 2028 511 2077 res
531 2028 637 2100 gestas
660 2021 732 2077 'non
765 2009 821 2078 nist
851 2030 923 2079 raro
948 2029 982 2076 et
1009 2009 1120 2076 obiter
1141 2011 1252 2101 tangit.

239 2185 242 2193 ¹
300 2102 397 2178 'Sed
430 2128 485 2202 ne*
508 2101 700 2193 Xenophon
725 2107 858 2193 quidem
884 2125 918 2171 et
950 2103 1141 2172 Aristoteles
1177 2107 1249 2192 satis
1331 2143 1337 2150 ·

331 2202 459 2277 abunde
476 2203 640 2292 materiam
662 2201 839 2284 praebent,
865 2200 908 2284 ad
930 2200 1176 2272 conscribendas
1193 2223 1252 2271 eo·

333 2322 407 2372 rum
423 2299 521 2378 vitm,
547 2296 695 2386 quamvis
710 2295 747 2363 in
765 2312 809 2361 eo
834 2290 903 2362 scr'e
921 2294 1139 2381 consentiant,
1159 2299 1250 2391 quod

225 2464 232 2473 s
324 2395 503 2489 ,sophistas
528 2392 685 2483 pecuniae
704 2389 1085 2482 colligendaecupidos,
1093 2396 1249 2486 juvenum

330 2494 517 2574 venatores,
543 2488 716 2580 sapientiae
733 2508 927 2561 mercatores
950 2511 984 2559 et
1006 2513 1171 2584 caupones
1194 2518 1253 2588 ap·

328 2588 460 2686 pellant.
521 2680 524 2686 Ι
653 2587 660 2599 ’
711 2608 717 2617 ‘
1208 2678 1209 2681 Ἴ
1270 2606 1276 2611 ’

381 2687 545 2759 l'erumin
565 2683 791 2776 Sophistarum
811 2686 938 2779 placitis
956 2688 1166 2777 dijudicandis
1182 2687 1249 2759 ma·

329 2785 385 2880 jor
402 2785 624 2875 etiamsolum
642 2783 825 2855 adhibenda
840 2803 898 2856 est.
939 2787 1142 2855 Admirantur
1167 2791 1254 2855 enim

324 2884 476 2962 ‚Platonis
511 2899 638 2967 artem,
681 2880 930 2976 sermonumque
962 2905 1079 2967 eorumv
1104 2882 1255 2973 lepores,

335 2982 422 3076 q'uos
453 2977 546 3048 multi
577 2998 722 3047 veterum
758 2978 984 3070 sophistarum
1011 2999 1087 3051 cunr
1120 2981 1257 3051 Socrate
1354 3040 1357 3045 .

334 3080 524 3157 conserunt,
543 3077 699 3164 imprimis
718 3077 750 3144 in
768 3078 899 3170 dialogo
909 3078 1120 3173 Protagora:
1141 3100 1259 3172 agnos·

328 3174 439 3249 'cimru
471 3170 663 3268 Protagorae
690 3176 1018 3265 magniloquentiam,
1053 3177 1254 3251 eruditionis-

232 3348 233 3351 ,
324 3296 400 3368 ¹que
428 3269 590 3364 quendam
616 3267 755 3352 fastum,
782 3269 910 3342 Prodici
940 3276 1178 3365 grammaticam
1207 3276 1258 3342 ni·

329 3376 400 3445 mis
447 3365 595 3437 subtilem
631 3364 856 3457 diligentiam,
900 3368 1041 3462 Hippiae
1071 3373 1255 3441 vanitatem.

226 3505 232 3514 ·
262 3467 267 3474 ’
340 3468 408 3541 Sed
424 3466 511 3534 credi
535 3461 602 3531 non'
629 3481 757 3553 potest,
789 3464 976 3550 Platonem,
998 3470 1064 3561 jam
1082 3478 1191 3537 natura
1217 3470 1257 3537 ad

282 3608 285 3611 ι
337 3565 434 3662 jocos
460 3582 495 3631 er
518 3558 648 3630 facetias
673 3565 938 3651 propensiorem,
971 3568 1004 3635 in
1032 3586 1094 3634 tam
1132 3564 1253 3633 idoneo

339 3680 552 3758 argumento,
583 3659 627 3726 ita
658 3658 717 3726 srbi
746 3663 954 3750 temperasse,
989 3681 1025 3729 ut
1051 3683 1135 3752 quos
1162 3664 1255 3729 vivos

339 3788 358 3834 a
384 3774 595 3851 praeceptore
614 3753 672 3823 suo
699 3757 785 3827 male
810 3760 937 3830 habitos
958 3758 1105 3841 vidisset,
1139 3759 1256 3827 horum

259 3918 261 3930 .
340 3877 484 3935 errores,
508 3852 617 3953 qrroad
636 3851 798 3942 ejuslieri
816 3855 944 3945 posset,
977 3876 1059 3925 non
1082 3855 1257 3944 scriptione

299 3939 319 3961 ''
343 3974 447 4049 exagg
467 3970 569 4037 taret,
594 3968 691 4042 atque
717 3953 761 4024 ita
777 3956 810 4025 in
826 3952 914 4044 ipsos
941 3954 1257 4035 odiumexcrcerer,

1171 4051 1264 4142 quod
