2934 4725
381 431 976 560 ranacrruaa
1092 438 1165 559 ige

224 655 442 746 declamatio,
474 679 571 754 quam
598 658 693 752 supra
719 650 802 751 jam
821 658 928 729 verbo
969 658 1157 751 tetigimus,

222 779 375 851 quaeque
397 756 524 830 inserta
558 776 607 827 est
640 759 674 828 in
707 754 843 852 dialogo
869 754 1021 829 Axiorho
1056 755 1173 849 (νίἀ.τ

221 853 318 929 Plato
348 879 381 947 p.
406 876 496 957 729,
515 854 587 951 sq.)
611 852 719 950 Hujus
736 875 846 956 autem
864 850 988 950 dialogi
1006 854 1088 926 haec
1104 862 1169 928 est‘

226 952 369 1024 occasio.
973 958 977 967 '
1045 952 1048 963 '
1167 954 1172 963 '

273 1048 373 1121 Venit
397 1050 529 1120 obviam
558 1050 686 1122 Socrati
715 1047 841 1124 Cliniae
867 1044 1015 1120 Asiochi
1048 1045 1153 1135 lilius,

225 1149 284 1241 qui
312 1148 441 1219 Socrati
468 1169 546 1219 cum
571 1144 725 1237 lacrymis
749 1165 872 1229 narrat,
908 1156 1033 1239 patrem
1059 1146 1154 1218 suum

226 1246 271 1314 ita
294 1248 444 1338 corporis
468 1248 592 1316 viribus
629 1246 790 1341 deficere,
824 1245 923 1314 utin
954 1248 1039 1316 vitae
1067 1246 1154 1335 peri·
1196 1290 1200 1299 ,

225 1338 306 1414 culo
341 1343 512 1436 versetur;
555 1343 691 1438 ejusque
727 1345 872 1415 animum
903 1344 1024 1414 'mortis
1062 1361 1154 1413 metu

225 1458 290 1510 tam
315 1438 525 1513 vehementer
539 1442 608 1512 esse
619 1473 623 1477 ·
635 1440 847 1535 depressum,
872 1458 909 1510 ut
926 1438 1007 1512 nihil
1023 1440 1084 1511 hac
1100 1460 1156 1512 ca·

222 1535 367 1613 lumitate
399 1541 503 1632 magis
537 1541 660 1614 timeat.
719 1535 826 1610 Simul
854 1537 1003 1609 obsecrat
1036 1536 1156 1608 Socra·
1233 1572 1235 1581 v

225 1652 322 1721 tem,
356 1654 394 1706 ut
427 1636 538 1708 secum
577 1633 771 1708 Ariochum
803 1633 918 1722 adeat,
962 1655 1156 1730 patremque

223 1733 339 1824 quavis
363 1736 487 1805 ratione
520 1732 642 1804 soletur
668 1753 703 1807 et
728 1736 844 1828 erigat.
896 1730 1053 1827 Sequitur
1078 1736 1155 1804 euru

226 1831 402 1913 Socrates,
426 1833 483 1924 qui
505 1850 610 1924 quum
634 1850 880 1927 aegrotantem,
903 1829 987 1903 hanc
1016 1832 1157 1901 maxime

225 1924 273 1994 ob
301 1925 450 2010 causam,
483 1947 622 1997 mortem
651 1928 784 2000 horrere
807 1925 953 2015 uideret,
984 1928 1078 2023 quod
1106 1948 1158 1997 re·

224 2020 314 2092 lictis
347 2022 501 2094 omnibus
536 2022 633 2116 hujus
662 2026 749 2095 vitae
783 2024 900 2109 bouis,
947 2026 1012 2096 ime
1042 2023 1163 2117 aliquo¹

225 2118 316 2192 sensu
340 2118 526 2213 jacentem,
568 2123 728 2194 vermium
762 2119 971 2214 ferarumque
1003 2121 1163 2215 praedam

222 2216 375 2287 relictum
405 2219 444 2288 iri
473 2218 506 2290 se
539 2215 786 2311 putaret(1),
817 2255 869 2275 -
909 2221 954 2293 ita
983 2240 1059 2290 eum
1088 2217 1159 2289 fere

222 2313 366 2402 solatur,
391 2332 428 2386 ut
444 2316 554 2406 dicat,
577 2365 603 2402 ‚,
622 2317 775 2412 imperite
791 2313 886 2388 illum
917 2337 1038 2413 agere,
1064 2316 1170 2410 quod.

224 2462 251 2501 „
270 2416 311 2486 iis
336 2414 434 2483 rebus
452 2413 483 2485 ie
502 2417 654 2486 orbatum
672 2417 712 2487 iri
730 2414 864 2507 ploret,
882 2437 1026 2509 quorum
1050 2436 1163 2510 tanuen¹

224 2558 251 2599 „
275 2508 468 2610 deiiderium
489 2533 557 2584 uon
584 2510 666 2583 esset
695 2512 858 2587 sensurus:
880 2512 994 2586 solutis
1012 2516 1062 2589 his
1081 2533 1160 2585 cor·

222 2606 253 2700 ‚,
275 2611 367 2708 poris
393 2609 556 2706 vinculis,
588 2612 733 2688 enimuut
770 2613 1005 2708 improprium
1038 2611 1161 2716 locutu,

392 2737 397 2746 ·
507 2753 511 2762 ·
547 2717 552 2730 ⁴
1104 2730 1157 2782 re·

269 2888 327 2976 (1)
346 2890 479 2962 Pulchra
487 2893 563 2959 haec
572 2892 604 2957 ia
615 2889 770 2958 Graecias
791 2890 863 2956 ω’
875 2887 1155 2973 oixoil'i‘mm'

227 2978 298 3045 ariri
308 2981 490 3054 attritam
502 2979 643 3058 γενομένῳ
655 2976 680 3042 ol
688 2973 875 3054 monsterol
885 2981 934 3039 ul
944 2976 1066 3047 aramei
1076 2976 1160 3051 λέγω

225 3059 412 3132 musalms
425 3061 582 3144 semideae
597 3061 647 3126 nal
661 3056 872 3136 ἀτιμάζονται.
891 3058 1024 3137 ἀντίσχει
1046 3060 1076 3123 ll
1097 3060 1159 3129 ist

224 3164 272 3219 rt,
293 3145 424 3220 attulae
456 3144 649 3228 aspisatim
669 3137 719 3208 ro‘r
745 3144 825 3226 suiv,
851 3141 876 3203 ri
895 3140 1051 3216 relictum
1077 3143 1160 3208 reiis

227 3229 278 3293 τοῦ
292 3226 454 3302 Qurlrttul
471 3231 527 3294 τῶν
548 3227 688 3305 clreicis,
708 3222 803 3296 &stilic
817 3219 846 3286 ii
860 3220 910 3288 tal
924 3221 1025 3304 ritaret
1045 3219 1161 3310 imita,

227 3331 259 3374 rt
272 3312 403 3382 ultrum
415 3312 591 3387 tutiusne,
609 3310 649 3378 tlt
662 3307 753 3378 εὐλὰς
771 3304 823 3368 καὶ
844 3306 979 3369 κνώδαλα
997 3307 1159 3378 natalicia·

226 3403 295 3454 λων.
318 3391 381 3458 Ax.
411 3412 488 3477 729.
511 3393 555 3460 D.
587 3390 746 3458 Postrema
773 3385 878 3452 minus
899 3401 1040 3451 accurate
1066 3387 1159 3456 vertit
1184 3395 1197 3408 '

227 3471 354 3544 Ficinus
383 3525 409 3558 „
430 3481 463 3548 in
483 3481 642 3562 pulverem
667 3490 850 3554 vermesque
873 3471 1085 3560 conversare·
1109 3473 1158 3543 Illi

227 3575 329 3624 autem
345 3565 468 3642 καρτεροὶ
484 3570 535 3630 nal
549 3563 673 3641 περιττοὶ
687 3564 769 3639 alra
785 3577 851 3646 non
868 3558 967 3623 solum
985 3553 1160 3640 fignifitallt

227 3646 389 3730 magnifica
405 3650 497 3714 verbs
508 3646 627 3731 ,fortes
642 3644 798 3730 rationes,
819 3645 940 3726 quibus.
953 3661 1041 3712 antea
1059 3647 1160 3712 Axio·

228 3732 308 3803 chus
328 3734 422 3816 hujus
441 3734 522 3816 uitae
546 3733 629 3801 bona
645 3745 861 3812 contemnere,
883 3746 1075 3814 mortemque
1092 3733 1158 3802 lau.

227 3823 298 3890 dare
317 3819 425 3886 solitus
445 3838 530 3902 erat,
553 3819 604 3886 sed
622 3817 702 3902 ipius
728 3820 907 3901 orationes,
931 3837 1010 3898 quae
1030 3819 1068 3884 dt
1094 3820 1156 3887 hoe

224 3923 405 4067 ἰτςυιὲτεῃιο
438 3906 499 3976 save
522 3927 541 3977 a
563 3906 720 3985 Prodito,
747 3903 809 3974 stve
835 3906 874 3972 ab
900 3903 969 3976 aliis
997 3905 1159 3994 sophistis

246 3998 302 4066 abe
326 4010 462 4069 autur.x
686 4019 690 4030 ·
763 4013 767 4024 ·
1109 3995 1112 4002 ’
1149 3987 1153 4006 '

660 4076 728 4175 14
