<?xml version="1.0" encoding="UTF-8"?>
<!DOCTYPE html PUBLIC "-//W3C//DTD XHTML 1.0 Transitional//EN"
    "http://www.w3.org/TR/xhtml1/DTD/xhtml1-transitional.dtd">
<html xmlns="http://www.w3.org/1999/xhtml" xml:lang="en" lang="en">
 <head>
  <title>
</title>
<meta http-equiv="Content-Type" content="text/html;charset=utf-8" />
  <meta name='ocr-system' content='tesseract 3.04.00' />
  <meta name='ocr-capabilities' content='ocr_page ocr_carea ocr_par ocr_line ocrx_word'/>
</head>
<body>
  <div class='ocr_page' id='page_1' title='image "./historiacritica00geelgoog_0114.png"; bbox 0 0 2934 4725; ppageno 0'>
   <div class='ocr_carea' id='block_1_1' title="bbox 1456 498 1458 649">
    <p class='ocr_par' dir='ltr' id='par_1_1' title="bbox 1456 498 1458 649">
     <span class='ocr_line' id='line_1_1' title="bbox 1456 498 1458 649; baseline 0 0"><span class='ocrx_word' id='word_1_1' title='bbox 1456 498 1458 649; x_wconf 79' lang='lat' dir='ltr'>i</span> 
     </span>
    </p>
   </div>
   <div class='ocr_carea' id='block_1_2' title="bbox 241 612 1458 1596">
    <p class='ocr_par' dir='ltr' id='par_1_2' title="bbox 241 612 1458 917">
     <span class='ocr_line' id='line_1_2' title="bbox 241 612 1458 718; baseline 0.007 -22"><span class='ocrx_word' id='word_1_2' title='bbox 241 612 250 628; x_wconf 84' lang='lat'>&#39;</span> <span class='ocrx_word' id='word_1_3' title='bbox 318 643 387 696; x_wconf 77' lang='lat' dir='ltr'>tert</span> <span class='ocrx_word' id='word_1_4' title='bbox 439 624 535 712; x_wconf 86' lang='lat' dir='ltr'>primi</span> <span class='ocrx_word' id='word_1_5' title='bbox 570 626 657 695; x_wconf 90' lang='lat' dir='ltr'>enim</span> <span class='ocrx_word' id='word_1_6' title='bbox 691 620 865 717; x_wconf 79' lang='lat' dir='ltr'>sophistae</span> <span class='ocrx_word' id='word_1_7' title='bbox 899 643 965 697; x_wconf 88' lang='lat' dir='ltr'>non</span> <span class='ocrx_word' id='word_1_8' title='bbox 995 646 1101 718; x_wconf 86' lang='lat' dir='ltr'>usque</span> <span class='ocrx_word' id='word_1_9' title='bbox 1128 648 1171 700; x_wconf 87' lang='lat' dir='ltr'>eo</span> <span class='ocrx_word' id='word_1_10' title='bbox 1196 622 1281 701; x_wconf 77' lang='lat' dir='ltr'>sui</span> <span class='ocrx_word' id='word_1_11' title='bbox 1336 683 1341 693; x_wconf 83' lang='lat'>.</span> <span class='ocrx_word' id='word_1_12' title='bbox 1457 666 1458 705; x_wconf 65' lang='grc' dir='ltr'><strong>ι</strong></span> 
     </span>
     <span class='ocr_line' id='line_1_3' title="bbox 316 723 1425 820; baseline 0.006 -28"><span class='ocrx_word' id='word_1_13' title='bbox 316 723 1028 816; x_wconf 83' lang='lat' dir='ltr'>scepticismieranttenaces,quinquaedanr</span> <span class='ocrx_word' id='word_1_14' title='bbox 1047 728 1143 793; x_wconf 85' lang='lat' dir='ltr'>etiarn</span> <span class='ocrx_word' id='word_1_15' title='bbox 1155 730 1242 820; x_wconf 71' lang='lat' dir='ltr'>dog«</span> <span class='ocrx_word' id='word_1_16' title='bbox 1423 730 1425 737; x_wconf 80' lang='grc'>’</span> 
     </span>
     <span class='ocr_line' id='line_1_4' title="bbox 316 812 1242 917; baseline 0.006 -29"><span class='ocrx_word' id='word_1_17' title='bbox 316 821 435 888; x_wconf 82' lang='lat' dir='ltr'>matrice</span> <span class='ocrx_word' id='word_1_18' title='bbox 452 812 651 888; x_wconf 84' lang='lat' dir='ltr'>affirmarent.</span> <span class='ocrx_word' id='word_1_19' title='bbox 675 820 742 888; x_wconf 91' lang='lat' dir='ltr'>Vid</span> <span class='ocrx_word' id='word_1_20' title='bbox 759 820 864 911; x_wconf 89' lang='lat' dir='ltr'>supra.</span> <span class='ocrx_word' id='word_1_21' title='bbox 897 819 1027 917; x_wconf 82' lang='lat' dir='ltr'>Quodsi</span> <span class='ocrx_word' id='word_1_22' title='bbox 1047 822 1242 917; x_wconf 73' lang='lat' dir='ltr'>Protagoras</span> 
     </span>
    </p>

    <p class='ocr_par' dir='ltr' id='par_1_3' title="bbox 250 916 1244 1321">
     <span class='ocr_line' id='line_1_5' title="bbox 250 916 1244 1005; baseline 0.004 -17"><span class='ocrx_word' id='word_1_23' title='bbox 250 965 257 977; x_wconf 48' lang='grc' dir='ltr'><em>ι</em></span> <span class='ocrx_word' id='word_1_24' title='bbox 315 917 350 988; x_wconf 83' lang='lat' dir='ltr'>id</span> <span class='ocrx_word' id='word_1_25' title='bbox 366 918 422 987; x_wconf 86' lang='lat' dir='ltr'>sibi</span> <span class='ocrx_word' id='word_1_26' title='bbox 442 936 550 984; x_wconf 79' lang='lat' dir='ltr'>reuera</span> <span class='ocrx_word' id='word_1_27' title='bbox 572 916 755 1005; x_wconf 83' lang='lat' dir='ltr'>persuasum</span> <span class='ocrx_word' id='word_1_28' title='bbox 775 918 956 997; x_wconf 80' lang='lat' dir='ltr'>habuisset,</span> <span class='ocrx_word' id='word_1_29' title='bbox 982 920 1149 989; x_wconf 87' lang='lat' dir='ltr'>hominem</span> <span class='ocrx_word' id='word_1_30' title='bbox 1169 932 1244 991; x_wconf 76' lang='lat' dir='ltr'>om&#39;·</span> 
     </span>
     <span class='ocr_line' id='line_1_6' title="bbox 316 1012 1242 1100; baseline 0.003 -15"><span class='ocrx_word' id='word_1_31' title='bbox 316 1018 408 1085; x_wconf 83' lang='lat' dir='ltr'>nium</span> <span class='ocrx_word' id='word_1_32' title='bbox 424 1035 529 1083; x_wconf 87' lang='lat' dir='ltr'>rerunt</span> <span class='ocrx_word' id='word_1_33' title='bbox 547 1012 614 1081; x_wconf 86' lang='lat' dir='ltr'>esse</span> <span class='ocrx_word' id='word_1_34' title='bbox 631 1015 834 1100; x_wconf 84' lang='lat' dir='ltr'>mensuram,</span> <span class='ocrx_word' id='word_1_35' title='bbox 860 1015 941 1085; x_wconf 87' lang='lat' dir='ltr'>nihil</span> <span class='ocrx_word' id='word_1_36' title='bbox 968 1017 1007 1083; x_wconf 92' lang='lat' dir='ltr'>de</span> <span class='ocrx_word' id='word_1_37' title='bbox 1022 1018 1163 1099; x_wconf 86' lang='lat' dir='ltr'>artibus,</span> <span class='ocrx_word' id='word_1_38' title='bbox 1188 1018 1242 1088; x_wconf 84' lang='lat' dir='ltr'>vei</span> 
     </span>
     <span class='ocr_line' id='line_1_7' title="bbox 317 1110 1240 1210; baseline -0.001 -30"><span class='ocrx_word' id='word_1_39' title='bbox 317 1113 357 1180; x_wconf 82' lang='lat' dir='ltr'>de</span> <span class='ocrx_word' id='word_1_40' title='bbox 383 1114 495 1206; x_wconf 87' lang='lat' dir='ltr'>quavis</span> <span class='ocrx_word' id='word_1_41' title='bbox 518 1110 666 1180; x_wconf 81' lang='lat' dir='ltr'>doctrina</span> <span class='ocrx_word' id='word_1_42' title='bbox 696 1110 849 1183; x_wconf 79' lang='lat' dir='ltr'>disserere</span> <span class='ocrx_word' id='word_1_43' title='bbox 879 1132 934 1184; x_wconf 87' lang='lat' dir='ltr'>aut</span> <span class='ocrx_word' id='word_1_44' title='bbox 960 1111 1082 1205; x_wconf 87' lang='lat' dir='ltr'>scripto</span> <span class='ocrx_word' id='word_1_45' title='bbox 1111 1117 1240 1210; x_wconf 82' lang='lat' dir='ltr'>constg.</span> 
     </span>
     <span class='ocr_line' id='line_1_8' title="bbox 315 1209 1015 1321; baseline -0.007 -41"><span class='ocrx_word' id='word_1_46' title='bbox 315 1230 392 1280; x_wconf 80' lang='lat' dir='ltr'>nare</span> <span class='ocrx_word' id='word_1_47' title='bbox 408 1209 578 1321; x_wconf 83' lang='lat' dir='ltr'>potuisset.</span> <span class='ocrx_word' id='word_1_48' title='bbox 1013 1240 1015 1243; x_wconf 96' lang='lat'>·</span> 
     </span>
    </p>

    <p class='ocr_par' dir='ltr' id='par_1_4' title="bbox 314 1304 1239 1596">
     <span class='ocr_line' id='line_1_9' title="bbox 324 1304 1239 1403; baseline 0.007 -28"><span class='ocrx_word' id='word_1_49' title='bbox 324 1336 330 1345; x_wconf 94' lang='lat'><strong>·</strong></span> <span class='ocrx_word' id='word_1_50' title='bbox 365 1305 495 1376; x_wconf 84' lang='lat' dir='ltr'><strong>Deinde</strong></span> <span class='ocrx_word' id='word_1_51' title='bbox 521 1307 669 1398; x_wconf 83' lang='lat' dir='ltr'>quamvis</span> <span class='ocrx_word' id='word_1_52' title='bbox 693 1308 804 1399; x_wconf 84' lang='lat' dir='ltr'>negari</span> <span class='ocrx_word' id='word_1_53' title='bbox 831 1326 991 1399; x_wconf 76' lang='lat' dir='ltr'>nequeat,</span> <span class='ocrx_word' id='word_1_54' title='bbox 1022 1304 1239 1403; x_wconf 79' lang='lat' dir='ltr'>Protagoram·</span> 
     </span>
     <span class='ocr_line' id='line_1_10' title="bbox 314 1400 1236 1496; baseline 0.004 -23"><span class='ocrx_word' id='word_1_55' title='bbox 314 1403 356 1474; x_wconf 85' lang='lat' dir='ltr'>de</span> <span class='ocrx_word' id='word_1_56' title='bbox 388 1400 463 1473; x_wconf 87' lang='lat' dir='ltr'>Diis</span> <span class='ocrx_word' id='word_1_57' title='bbox 491 1404 710 1491; x_wconf 85' lang='lat' dir='ltr'>dubitavisse,</span> <span class='ocrx_word' id='word_1_58' title='bbox 744 1405 814 1496; x_wconf 72' lang='lat' dir='ltr'>eius</span> <span class='ocrx_word' id='word_1_59' title='bbox 842 1424 949 1474; x_wconf 90' lang='lat' dir='ltr'>tamen</span> <span class='ocrx_word' id='word_1_60' title='bbox 979 1403 1138 1476; x_wconf 74' lang='lat' dir='ltr'>dubitatio</span> <span class='ocrx_word' id='word_1_61' title='bbox 1169 1428 1236 1477; x_wconf 87' lang='lat' dir='ltr'>tan·</span> 
     </span>
     <span class='ocr_line' id='line_1_11' title="bbox 315 1500 1238 1596; baseline 0.003 -24"><span class='ocrx_word' id='word_1_62' title='bbox 315 1521 385 1572; x_wconf 88' lang='lat' dir='ltr'>turn</span> <span class='ocrx_word' id='word_1_63' title='bbox 402 1501 558 1591; x_wconf 86' lang='lat' dir='ltr'>spectasse</span> <span class='ocrx_word' id='word_1_64' title='bbox 582 1500 710 1571; x_wconf 87' lang='lat' dir='ltr'>viderur</span> <span class='ocrx_word' id='word_1_65' title='bbox 735 1503 997 1596; x_wconf 84' lang='lat' dir='ltr'>mythologicam</span> <span class='ocrx_word' id='word_1_66' title='bbox 1031 1501 1238 1575; x_wconf 83' lang='lat' dir='ltr'>Graecorum</span> 
     </span>
    </p>
   </div>
   <div class='ocr_carea' id='block_1_3' title="bbox 319 394 1080 530">
    <p class='ocr_par' dir='ltr' id='par_1_5' title="bbox 319 394 1080 530">
     <span class='ocr_line' id='line_1_12' title="bbox 319 394 1080 530; baseline 0.005 -28"><span class='ocrx_word' id='word_1_67' title='bbox 319 442 389 505; x_wconf 72' lang='lat' dir='ltr'>teo</span> <span class='ocrx_word' id='word_1_68' title='bbox 511 424 666 502; x_wconf 74' lang='lat' dir='ltr'>sert</span> <span class='ocrx_word' id='word_1_69' title='bbox 720 394 1080 530; x_wconf 67' lang='lat' dir='ltr'>socrnrnrr&#39;s</span> 
     </span>
    </p>
   </div>
   <div class='ocr_carea' id='block_1_4' title="bbox 168 1599 1350 3713">
    <p class='ocr_par' dir='ltr' id='par_1_6' title="bbox 168 1599 1350 2568">
     <span class='ocr_line' id='line_1_13' title="bbox 314 1599 1240 1693; baseline -0.003 -25"><span class='ocrx_word' id='word_1_70' title='bbox 314 1599 591 1691; x_wconf 79' lang='lat' dir='ltr'>superstitionem,</span> <span class='ocrx_word' id='word_1_71' title='bbox 618 1599 709 1690; x_wconf 89' lang='lat' dir='ltr'>qnod</span> <span class='ocrx_word' id='word_1_72' title='bbox 744 1599 840 1667; x_wconf 90' lang='lat' dir='ltr'>nobis</span> <span class='ocrx_word' id='word_1_73' title='bbox 872 1600 1005 1693; x_wconf 87' lang='lat' dir='ltr'>quidem</span> <span class='ocrx_word' id='word_1_74' title='bbox 1034 1621 1122 1670; x_wconf 87' lang='lat' dir='ltr'>recte</span> <span class='ocrx_word' id='word_1_75' title='bbox 1147 1601 1240 1672; x_wconf 81' lang='lat' dir='ltr'>Ten.</span> 
     </span>
     <span class='ocr_line' id='line_1_14' title="bbox 312 1692 1237 1787; baseline 0.002 -19"><span class='ocrx_word' id='word_1_76' title='bbox 312 1700 503 1785; x_wconf 83' lang='lat' dir='ltr'>nemannius</span> <span class='ocrx_word' id='word_1_77' title='bbox 541 1696 640 1780; x_wconf 66' lang='lat' dir='ltr'>tibid.</span> <span class='ocrx_word' id='word_1_78' title='bbox 686 1718 721 1786; x_wconf 75' lang='lat' dir='ltr'>p·</span> <span class='ocrx_word' id='word_1_79' title='bbox 764 1692 857 1787; x_wconf 84' lang='lat'>391)</span> <span class='ocrx_word' id='word_1_80' title='bbox 903 1698 1065 1768; x_wconf 82' lang='lat' dir='ltr'>deducere</span> <span class='ocrx_word' id='word_1_81' title='bbox 1109 1698 1237 1771; x_wconf 87' lang='lat' dir='ltr'>videtur</span> 
     </span>
     <span class='ocr_line' id='line_1_15' title="bbox 168 1784 1238 1889; baseline 0.003 -25"><span class='ocrx_word' id='word_1_82' title='bbox 168 1857 172 1864; x_wconf 84' lang='grc'>,</span> <span class='ocrx_word' id='word_1_83' title='bbox 311 1784 486 1865; x_wconf 73' lang='lat' dir='ltr'>evetbisi</span> <span class='ocrx_word' id='word_1_84' title='bbox 522 1842 547 1882; x_wconf 87' lang='lat'>„</span> <span class='ocrx_word' id='word_1_85' title='bbox 574 1794 675 1881; x_wconf 73' lang='lat' dir='ltr'>multa</span> <span class='ocrx_word' id='word_1_86' title='bbox 700 1795 789 1863; x_wconf 89' lang='lat' dir='ltr'>enim</span> <span class='ocrx_word' id='word_1_87' title='bbox 815 1795 904 1877; x_wconf 87' lang='lat' dir='ltr'>sunt,</span> <span class='ocrx_word' id='word_1_88' title='bbox 939 1815 1022 1886; x_wconf 89' lang='lat' dir='ltr'>quae</span> <span class='ocrx_word' id='word_1_89' title='bbox 1057 1801 1238 1889; x_wconf 73' lang='lat' dir='ltr'>quominus</span> 
     </span>
     <span class='ocr_line' id='line_1_16' title="bbox 264 1891 1237 1985; baseline 0.002 -23"><span class='ocrx_word' id='word_1_90' title='bbox 264 1906 268 1911; x_wconf 76' lang='grc'><strong>’</strong></span> <span class='ocrx_word' id='word_1_91' title='bbox 310 1912 338 1979; x_wconf 85' lang='grc'>,’,</span> <span class='ocrx_word' id='word_1_92' title='bbox 363 1893 430 1962; x_wconf 85' lang='lat' dir='ltr'>hnc</span> <span class='ocrx_word' id='word_1_93' title='bbox 454 1893 553 1962; x_wconf 86' lang='lat' dir='ltr'>sciant</span> <span class='ocrx_word' id='word_1_94' title='bbox 575 1892 780 1985; x_wconf 81' lang='lat' dir='ltr'>impediunt,</span> <span class='ocrx_word' id='word_1_95' title='bbox 806 1902 877 1963; x_wconf 80' lang='lat' dir='ltr'>tum&#39;</span> <span class='ocrx_word' id='word_1_96' title='bbox 893 1891 989 1983; x_wconf 75' lang='lat' dir='ltr'>ipsius</span> <span class='ocrx_word' id='word_1_97' title='bbox 1016 1895 1061 1963; x_wconf 88' lang='lat' dir='ltr'>rei</span> <span class='ocrx_word' id='word_1_98' title='bbox 1086 1893 1237 1964; x_wconf 87' lang='lat' dir='ltr'>obscuri·</span> 
     </span>
     <span class='ocr_line' id='line_1_17' title="bbox 310 1989 1237 2077; baseline 0.003 -18"><span class='ocrx_word' id='word_1_99' title='bbox 310 2039 338 2077; x_wconf 88' lang='lat'>„</span> <span class='ocrx_word' id='word_1_100' title='bbox 366 2011 442 2075; x_wconf 86' lang='lat' dir='ltr'>tas,</span> <span class='ocrx_word' id='word_1_101' title='bbox 476 2009 545 2061; x_wconf 88' lang='lat' dir='ltr'>tum</span> <span class='ocrx_word' id='word_1_102' title='bbox 577 1993 661 2060; x_wconf 89' lang='lat' dir='ltr'>vitae</span> <span class='ocrx_word' id='word_1_103' title='bbox 698 1989 863 2061; x_wconf 79' lang='lat' dir='ltr'>humanae</span> <span class='ocrx_word' id='word_1_104' title='bbox 896 1989 1075 2060; x_wconf 84' lang='lat' dir='ltr'>brevitas.”</span> <span class='ocrx_word' id='word_1_105' title='bbox 1112 1990 1159 2061; x_wconf 85' lang='lat' dir='ltr'>Et</span> <span class='ocrx_word' id='word_1_106' title='bbox 1185 1992 1237 2062; x_wconf 86' lang='lat' dir='ltr'>his</span> 
     </span>
     <span class='ocr_line' id='line_1_18' title="bbox 310 2087 1270 2181; baseline 0.004 -26"><span class='ocrx_word' id='word_1_107' title='bbox 310 2089 443 2179; x_wconf 86' lang='lat' dir='ltr'>quidem</span> <span class='ocrx_word' id='word_1_108' title='bbox 471 2088 578 2158; x_wconf 85' lang='lat' dir='ltr'>verbis</span> <span class='ocrx_word' id='word_1_109' title='bbox 612 2087 709 2158; x_wconf 90' lang='lat' dir='ltr'>nobis</span> <span class='ocrx_word' id='word_1_110' title='bbox 743 2087 929 2159; x_wconf 83' lang='lat' dir='ltr'>confirmari</span> <span class='ocrx_word' id='word_1_111' title='bbox 960 2089 1108 2170; x_wconf 90' lang='lat' dir='ltr'>videtur,</span> <span class='ocrx_word' id='word_1_112' title='bbox 1142 2089 1270 2181; x_wconf 35' lang='lat' dir='ltr'>quod*</span> 
     </span>
     <span class='ocr_line' id='line_1_19' title="bbox 311 2184 1241 2271; baseline 0.003 -18"><span class='ocrx_word' id='word_1_113' title='bbox 311 2186 416 2255; x_wconf 88' lang='lat' dir='ltr'>modo</span> <span class='ocrx_word' id='word_1_114' title='bbox 429 2186 638 2265; x_wconf 75' lang='lat' dir='ltr'><strong>dicebamus,</strong></span> <span class='ocrx_word' id='word_1_115' title='bbox 662 2186 817 2254; x_wconf 81' lang='lat' dir='ltr'>videlicet</span> <span class='ocrx_word' id='word_1_116' title='bbox 833 2184 1046 2271; x_wconf 81' lang='lat' dir='ltr'>Protagoram</span> <span class='ocrx_word' id='word_1_117' title='bbox 1066 2205 1134 2252; x_wconf 89' lang='lat' dir='ltr'>non</span> <span class='ocrx_word' id='word_1_118' title='bbox 1150 2189 1241 2256; x_wconf 76' lang='lat' dir='ltr'>adeo</span> 
     </span>
     <span class='ocr_line' id='line_1_20' title="bbox 309 2277 1272 2370; baseline 0 -18"><span class='ocrx_word' id='word_1_119' title='bbox 309 2280 406 2352; x_wconf 84' lang='lat' dir='ltr'>fuisse</span> <span class='ocrx_word' id='word_1_120' title='bbox 438 2281 510 2351; x_wconf 89' lang='lat' dir='ltr'>suae</span> <span class='ocrx_word' id='word_1_121' title='bbox 537 2283 577 2349; x_wconf 89' lang='lat' dir='ltr'>de</span> <span class='ocrx_word' id='word_1_122' title='bbox 603 2281 796 2370; x_wconf 86' lang='lat' dir='ltr'>opinionum</span> <span class='ocrx_word' id='word_1_123' title='bbox 816 2279 1034 2348; x_wconf 73' lang='lat' dir='ltr'>controversa</span> <span class='ocrx_word' id='word_1_124' title='bbox 1059 2277 1235 2352; x_wconf 82' lang='lat' dir='ltr'>sententiae</span> <span class='ocrx_word' id='word_1_125' title='bbox 1259 2346 1272 2370; x_wconf 28' lang='grc' dir='ltr'>κ</span> 
     </span>
     <span class='ocr_line' id='line_1_21' title="bbox 184 2374 1350 2470; baseline 0.006 -26"><span class='ocrx_word' id='word_1_126' title='bbox 184 2437 187 2444; x_wconf 84' lang='lat'><em>.</em></span> <span class='ocrx_word' id='word_1_127' title='bbox 265 2405 267 2408; x_wconf 65' lang='grc'>’</span> <span class='ocrx_word' id='word_1_128' title='bbox 305 2399 455 2451; x_wconf 23' lang='lat' dir='ltr'>soenacem</span> <span class='ocrx_word' id='word_1_129' title='bbox 468 2427 479 2467; x_wconf 91' lang='lat'>,</span> <span class='ocrx_word' id='word_1_130' title='bbox 513 2397 560 2446; x_wconf 86' lang='lat' dir='ltr'>ut·</span> <span class='ocrx_word' id='word_1_131' title='bbox 576 2377 650 2447; x_wconf 89' lang='lat' dir='ltr'>inde</span> <span class='ocrx_word' id='word_1_132' title='bbox 677 2396 855 2467; x_wconf 82' lang='lat' dir='ltr'>numquam</span> <span class='ocrx_word' id='word_1_133' title='bbox 888 2397 930 2444; x_wconf 87' lang='lat' dir='ltr'>ne</span> <span class='ocrx_word' id='word_1_134' title='bbox 964 2374 1068 2446; x_wconf 81' lang='lat' dir='ltr'>iatum</span> <span class='ocrx_word' id='word_1_135' title='bbox 1098 2380 1232 2470; x_wconf 81' lang='lat' dir='ltr'>quidem</span> <span class='ocrx_word' id='word_1_136' title='bbox 1344 2379 1350 2384; x_wconf 78' lang='grc'><strong>’</strong></span> 
     </span>
     <span class='ocr_line' id='line_1_22' title="bbox 231 2469 1230 2568; baseline 0.001 -23"><span class='ocrx_word' id='word_1_137' title='bbox 231 2469 241 2486; x_wconf 83' lang='lat'>&#39;</span> <span class='ocrx_word' id='word_1_138' title='bbox 309 2491 454 2568; x_wconf 81' lang='lat' dir='ltr'>unguem</span> <span class='ocrx_word' id='word_1_139' title='bbox 472 2475 660 2545; x_wconf 87' lang='lat' dir='ltr'>discederet.</span> <span class='ocrx_word' id='word_1_140' title='bbox 716 2475 803 2543; x_wconf 79' lang='lat' dir='ltr'>Nam</span> <span class='ocrx_word' id='word_1_141' title='bbox 830 2474 893 2544; x_wconf 83' lang='lat' dir='ltr'>five</span> <span class='ocrx_word' id='word_1_142' title='bbox 910 2472 1030 2543; x_wconf 85' lang='lat' dir='ltr'>librom</span> <span class='ocrx_word' id='word_1_143' title='bbox 1049 2473 1230 2566; x_wconf 78' lang='lat' dir='ltr'>scripserit,</span> 
     </span>
    </p>

    <p class='ocr_par' dir='ltr' id='par_1_7' title="bbox 196 2568 1323 3648">
     <span class='ocr_line' id='line_1_23' title="bbox 196 2568 1241 2665; baseline 0.005 -23"><span class='ocrx_word' id='word_1_144' title='bbox 196 2569 201 2578; x_wconf 77' lang='grc'><em>’</em></span> <span class='ocrx_word' id='word_1_145' title='bbox 307 2578 364 2665; x_wconf 90' lang='lat' dir='ltr'>qui</span> <span class='ocrx_word' id='word_1_146' title='bbox 390 2595 479 2642; x_wconf 90' lang='lat' dir='ltr'>totus</span> <span class='ocrx_word' id='word_1_147' title='bbox 501 2573 583 2642; x_wconf 87' lang='lat' dir='ltr'>esset</span> <span class='ocrx_word' id='word_1_148' title='bbox 600 2574 639 2643; x_wconf 82' lang='lat' dir='ltr'>de</span> <span class='ocrx_word' id='word_1_149' title='bbox 659 2569 764 2655; x_wconf 75' lang='lat' dir='ltr'>Deir,</span> <span class='ocrx_word' id='word_1_150' title='bbox 798 2572 862 2641; x_wconf 87' lang='lat' dir='ltr'>{ive</span> <span class='ocrx_word' id='word_1_151' title='bbox 894 2569 981 2641; x_wconf 87' lang='lat' dir='ltr'>aliud</span> <span class='ocrx_word' id='word_1_152' title='bbox 1014 2591 1113 2663; x_wconf 84' lang='lat' dir='ltr'>agens</span> <span class='ocrx_word' id='word_1_153' title='bbox 1136 2568 1241 2647; x_wconf 82' lang='lat' dir='ltr'>istan&#39;</span> 
     </span>
     <span class='ocr_line' id='line_1_24' title="bbox 308 2667 1234 2761; baseline 0 -20"><span class='ocrx_word' id='word_1_154' title='bbox 308 2674 494 2741; x_wconf 85' lang='lat' dir='ltr'>sententiam</span> <span class='ocrx_word' id='word_1_155' title='bbox 520 2667 894 2761; x_wconf 59' lang='lat' dir='ltr'>pronunciarent),</span> <span class='ocrx_word' id='word_1_156' title='bbox 922 2667 1053 2739; x_wconf 85' lang='lat' dir='ltr'>videbat</span> <span class='ocrx_word' id='word_1_157' title='bbox 1070 2673 1117 2738; x_wconf 87' lang='lat' dir='ltr'>vir</span> <span class='ocrx_word' id='word_1_158' title='bbox 1141 2673 1234 2742; x_wconf 77' lang='lat' dir='ltr'>calii-</span> 
     </span>
     <span class='ocr_line' id='line_1_25' title="bbox 304 2759 1230 2853; baseline 0 -14"><span class='ocrx_word' id='word_1_159' title='bbox 304 2770 387 2853; x_wconf 78' lang='lat' dir='ltr'>dus,</span> <span class='ocrx_word' id='word_1_160' title='bbox 410 2789 474 2838; x_wconf 90' lang='lat' dir='ltr'>tarn</span> <span class='ocrx_word' id='word_1_161' title='bbox 501 2770 629 2837; x_wconf 80' lang='lat' dir='ltr'>severos</span> <span class='ocrx_word' id='word_1_162' title='bbox 654 2767 721 2835; x_wconf 88' lang='lat' dir='ltr'>esse</span> <span class='ocrx_word' id='word_1_163' title='bbox 749 2759 958 2835; x_wconf 81' lang='lat' dir='ltr'>Athenienses</span> <span class='ocrx_word' id='word_1_164' title='bbox 982 2765 1113 2835; x_wconf 88' lang='lat' dir='ltr'>suorum</span> <span class='ocrx_word' id='word_1_165' title='bbox 1135 2767 1230 2839; x_wconf 86' lang='lat' dir='ltr'>Deo·</span> 
     </span>
     <span class='ocr_line' id='line_1_26' title="bbox 307 2863 1323 2958; baseline -0.004 -16"><span class='ocrx_word' id='word_1_166' title='bbox 307 2889 379 2942; x_wconf 86' lang='lat' dir='ltr'>tum</span> <span class='ocrx_word' id='word_1_167' title='bbox 399 2867 568 2950; x_wconf 79' lang='lat' dir='ltr'>vindices,</span> <span class='ocrx_word' id='word_1_168' title='bbox 604 2884 640 2935; x_wconf 91' lang='lat' dir='ltr'>ut</span> <span class='ocrx_word' id='word_1_169' title='bbox 665 2885 764 2958; x_wconf 84' lang='lat' dir='ltr'>caput</span> <span class='ocrx_word' id='word_1_170' title='bbox 793 2864 885 2934; x_wconf 88' lang='lat' dir='ltr'>suum</span> <span class='ocrx_word' id='word_1_171' title='bbox 911 2863 1105 2934; x_wconf 81' lang='lat' dir='ltr'>certissimae</span> <span class='ocrx_word' id='word_1_172' title='bbox 1130 2869 1230 2937; x_wconf 87' lang='lat' dir='ltr'>morti</span> <span class='ocrx_word' id='word_1_173' title='bbox 1321 2935 1323 2938; x_wconf 83' lang='lat'>.</span> 
     </span>
     <span class='ocr_line' id='line_1_27' title="bbox 307 2960 1229 3062; baseline -0.002 -26"><span class='ocrx_word' id='word_1_174' title='bbox 307 2967 386 3036; x_wconf 85' lang='lat' dir='ltr'>esset</span> <span class='ocrx_word' id='word_1_175' title='bbox 420 2965 626 3048; x_wconf 83' lang='lat' dir='ltr'>obiecturus,</span> <span class='ocrx_word' id='word_1_176' title='bbox 644 2964 683 3032; x_wconf 85' lang='lat' dir='ltr'>st</span> <span class='ocrx_word' id='word_1_177' title='bbox 718 2966 855 3032; x_wconf 88' lang='lat' dir='ltr'>incertas</span> <span class='ocrx_word' id='word_1_178' title='bbox 890 2961 957 3029; x_wconf 88' lang='lat' dir='ltr'>esse</span> <span class='ocrx_word' id='word_1_179' title='bbox 990 2960 1158 3062; x_wconf 79' lang='lat' dir='ltr'>hominurn</span> <span class='ocrx_word' id='word_1_180' title='bbox 1185 2965 1229 3034; x_wconf 85' lang='lat' dir='ltr'>de</span> 
     </span>
     <span class='ocr_line' id='line_1_28' title="bbox 306 3056 1228 3154; baseline -0.002 -20"><span class='ocrx_word' id='word_1_181' title='bbox 306 3061 392 3134; x_wconf 86' lang='lat' dir='ltr'>Deis</span> <span class='ocrx_word' id='word_1_182' title='bbox 418 3061 610 3154; x_wconf 81' lang='lat' dir='ltr'>opiniones,</span> <span class='ocrx_word' id='word_1_183' title='bbox 645 3062 732 3152; x_wconf 86' lang='lat' dir='ltr'>quast</span> <span class='ocrx_word' id='word_1_184' title='bbox 764 3081 807 3131; x_wconf 84' lang='lat' dir='ltr'>ex</span> <span class='ocrx_word' id='word_1_185' title='bbox 833 3059 964 3148; x_wconf 82' lang='lat' dir='ltr'>tripode</span> <span class='ocrx_word' id='word_1_186' title='bbox 984 3056 1150 3130; x_wconf 84' lang='lat' dir='ltr'>affirmaret</span> <span class='ocrx_word' id='word_1_187' title='bbox 1157 3103 1173 3145; x_wconf 92' lang='lat'>,-</span> <span class='ocrx_word' id='word_1_188' title='bbox 1194 3062 1228 3133; x_wconf 85' lang='lat' dir='ltr'>id</span> 
     </span>
     <span class='ocr_line' id='line_1_29' title="bbox 305 3155 1227 3249; baseline -0.002 -20"><span class='ocrx_word' id='word_1_189' title='bbox 305 3183 376 3244; x_wconf 80' lang='lat' dir='ltr'>est,</span> <span class='ocrx_word' id='word_1_190' title='bbox 430 3159 484 3232; x_wconf 82' lang='lat' dir='ltr'>tali</span> <span class='ocrx_word' id='word_1_191' title='bbox 529 3160 827 3249; x_wconf 78' lang='lat' dir='ltr'>argumentatione,</span> <span class='ocrx_word' id='word_1_192' title='bbox 878 3161 962 3245; x_wconf 78' lang='lat' dir='ltr'>qtiae</span> <span class='ocrx_word' id='word_1_193' title='bbox 1005 3155 1094 3248; x_wconf 84' lang='lat' dir='ltr'>nulia</span> <span class='ocrx_word' id='word_1_194' title='bbox 1136 3156 1227 3228; x_wconf 85' lang='lat' dir='ltr'>firma</span> 
     </span>
     <span class='ocr_line' id='line_1_30' title="bbox 306 3251 1229 3344; baseline -0.003 -17"><span class='ocrx_word' id='word_1_195' title='bbox 306 3258 436 3327; x_wconf 86' lang='lat' dir='ltr'>scientia</span> <span class='ocrx_word' id='word_1_196' title='bbox 463 3257 636 3339; x_wconf 88' lang='lat' dir='ltr'>niteretur,</span> <span class='ocrx_word' id='word_1_197' title='bbox 663 3253 716 3322; x_wconf 91' lang='lat' dir='ltr'>sed</span> <span class='ocrx_word' id='word_1_198' title='bbox 744 3251 903 3321; x_wconf 75' lang='lat' dir='ltr'>levissima</span> <span class='ocrx_word' id='word_1_199' title='bbox 922 3251 1059 3344; x_wconf 88' lang='lat' dir='ltr'>quadam</span> <span class='ocrx_word' id='word_1_200' title='bbox 1080 3253 1229 3324; x_wconf 70' lang='lat' dir='ltr'>dubitan&#39;</span> 
     </span>
     <span class='ocr_line' id='line_1_31' title="bbox 305 3347 1226 3443; baseline -0.002 -20"><span class='ocrx_word' id='word_1_201' title='bbox 305 3355 337 3423; x_wconf 79' lang='lat' dir='ltr'>dt</span> <span class='ocrx_word' id='word_1_202' title='bbox 356 3355 496 3434; x_wconf 83' lang='lat' dir='ltr'>ratione,</span> <span class='ocrx_word' id='word_1_203' title='bbox 521 3353 617 3443; x_wconf 83' lang='lat' dir='ltr'>quarn</span> <span class='ocrx_word' id='word_1_204' title='bbox 629 3351 686 3419; x_wconf 82' lang='lat' dir='ltr'>fibi</span> <span class='ocrx_word' id='word_1_205' title='bbox 704 3351 773 3439; x_wconf 88' lang='lat' dir='ltr'>ipse</span> <span class='ocrx_word' id='word_1_206' title='bbox 790 3347 938 3418; x_wconf 85' lang='lat' dir='ltr'>finxisset.</span> <span class='ocrx_word' id='word_1_207' title='bbox 991 3348 1104 3440; x_wconf 86' lang='lat' dir='ltr'>Itaque</span> <span class='ocrx_word' id='word_1_208' title='bbox 1122 3369 1226 3439; x_wconf 87' lang='lat' dir='ltr'>quum</span> 
     </span>
     <span class='ocr_line' id='line_1_32' title="bbox 304 3446 1228 3540; baseline -0.001 -21"><span class='ocrx_word' id='word_1_209' title='bbox 304 3470 413 3520; x_wconf 85' lang='lat' dir='ltr'>tamen</span> <span class='ocrx_word' id='word_1_210' title='bbox 429 3451 531 3518; x_wconf 81' lang='lat' dir='ltr'>nanos</span> <span class='ocrx_word' id='word_1_211' title='bbox 549 3447 742 3540; x_wconf 80' lang='lat' dir='ltr'>intelligeret</span> <span class='ocrx_word' id='word_1_212' title='bbox 768 3450 876 3529; x_wconf 87' lang='lat' dir='ltr'>Deos,</span> <span class='ocrx_word' id='word_1_213' title='bbox 906 3468 992 3539; x_wconf 86' lang='lat' dir='ltr'>quos</span> <span class='ocrx_word' id='word_1_214' title='bbox 1018 3446 1228 3518; x_wconf 85' lang='lat' dir='ltr'>Graecorum</span> 
     </span>
     <span class='ocr_line' id='line_1_33' title="bbox 304 3544 1257 3648; baseline -0.003 -31"><span class='ocrx_word' id='word_1_215' title='bbox 304 3546 484 3641; x_wconf 82' lang='lat' dir='ltr'>superstitio</span> <span class='ocrx_word' id='word_1_216' title='bbox 511 3546 757 3648; x_wconf 74' lang='lat' dir='ltr'>informaverat,</span> <span class='ocrx_word' id='word_1_217' title='bbox 783 3544 953 3644; x_wconf 75' lang='lat' dir='ltr'>etaliquid</span> <span class='ocrx_word' id='word_1_218' title='bbox 969 3544 1078 3616; x_wconf 82' lang='lat' dir='ltr'>saitem</span> <span class='ocrx_word' id='word_1_219' title='bbox 1104 3544 1144 3614; x_wconf 86' lang='lat' dir='ltr'>de</span> <span class='ocrx_word' id='word_1_220' title='bbox 1168 3567 1225 3614; x_wconf 92' lang='lat' dir='ltr'>eo·</span> <span class='ocrx_word' id='word_1_221' title='bbox 1251 3557 1257 3637; x_wconf 69' lang='lat' dir='ltr'>J</span> 
     </span>
    </p>

    <p class='ocr_par' dir='ltr' id='par_1_8' title="bbox 853 3655 1230 3713">
     <span class='ocr_line' id='line_1_34' title="bbox 853 3655 1230 3713; baseline 0.003 -1"><span class='ocrx_word' id='word_1_222' title='bbox 853 3655 857 3663; x_wconf 85' lang='lat'>&#39;</span> <span class='ocrx_word' id='word_1_223' title='bbox 1155 3663 1230 3713; x_wconf 82' lang='lat' dir='ltr'>rnnr</span> 
     </span>
    </p>
   </div>
   <div class='ocr_carea' id='block_1_5' title="bbox 300 3799 1335 4009">
    <p class='ocr_par' dir='ltr' id='par_1_9' title="bbox 300 3799 1335 4009">
     <span class='ocr_line' id='line_1_35' title="bbox 344 3799 1225 3926; baseline -0.012 -21"><span class='ocrx_word' id='word_1_224' title='bbox 344 3838 401 3926; x_wconf 83' lang='grc' dir='ltr'>(ι)</span> <span class='ocrx_word' id='word_1_225' title='bbox 424 3799 538 3922; x_wconf 45' lang='lat' dir='ltr'>Sestos</span> <span class='ocrx_word' id='word_1_226' title='bbox 552 3835 626 3903; x_wconf 78' lang='lat' dir='ltr'>adr.</span> <span class='ocrx_word' id='word_1_227' title='bbox 647 3830 755 3903; x_wconf 66' lang='lat' dir='ltr'>Matri.</span> <span class='ocrx_word' id='word_1_228' title='bbox 779 3856 815 3920; x_wconf 87' lang='lat' dir='ltr'>p.</span> <span class='ocrx_word' id='word_1_229' title='bbox 847 3855 923 3921; x_wconf 80' lang='lat'>319.</span> <span class='ocrx_word' id='word_1_230' title='bbox 955 3843 1036 3912; x_wconf 56' lang='lat' dir='ltr'>aava</span> <span class='ocrx_word' id='word_1_231' title='bbox 1052 3864 1146 3915; x_wconf 51' lang='grc' dir='ltr'>τινας,</span> <span class='ocrx_word' id='word_1_232' title='bbox 1165 3842 1225 3906; x_wconf 59' lang='lat' dir='ltr'>du·</span> 
     </span>
     <span class='ocr_line' id='line_1_36' title="bbox 300 3923 1335 4009; baseline -0.025 -13"><span class='ocrx_word' id='word_1_233' title='bbox 300 3925 384 3995; x_wconf 84' lang='lat' dir='ltr'>bium</span> <span class='ocrx_word' id='word_1_234' title='bbox 406 3923 499 4009; x_wconf 84' lang='lat' dir='ltr'>igitur</span> <span class='ocrx_word' id='word_1_235' title='bbox 517 3939 577 3989; x_wconf 86' lang='lat' dir='ltr'>est.</span> <span class='ocrx_word' id='word_1_236' title='bbox 1210 3997 1212 4000; x_wconf 15' lang='grc' dir='ltr'>Ι</span> <span class='ocrx_word' id='word_1_237' title='bbox 1330 3961 1335 3970; x_wconf 88' lang='grc'><em>.</em></span> 
     </span>
    </p>
   </div>
   <div class='ocr_carea' id='block_1_6' title="bbox 0 0 1472 4725">
    <p class='ocr_par' dir='ltr' id='par_1_10' title="bbox 0 0 1472 4725">
     <span class='ocr_line' id='line_1_37' title="bbox 0 0 1472 4725; baseline 0 7"><span class='ocrx_word' id='word_1_238' title='bbox 0 0 1472 4725; x_wconf 95' lang='lat' dir='ltr'> </span> 
     </span>
    </p>
   </div>
  </div>
 </body>
</html>
